2017.02.24 11:00:00.390,8.32921,8.33066,1.00,1.00
2017.02.24 11:00:00.693,8.32901,8.33003,1.00,1.00
2017.02.24 11:00:00.744,8.32901,8.3302,1.00,1.00
2017.02.24 11:00:00.795,8.32886,8.3302,1.00,1.00
2017.02.24 11:00:00.897,8.32869,8.3302,1.00,1.00
2017.02.24 11:00:01.462,8.32869,8.33012,1.00,1.00
2017.02.24 11:00:01.513,8.32855,8.33006,1.00,1.00
2017.02.24 11:00:01.788,8.32845,8.32996,1.00,1.00
2017.02.24 11:00:02.103,8.32836,8.32985,1.00,1.00
2017.02.24 11:00:02.256,8.32822,8.3299,1.00,1.00
2017.02.24 11:00:02.660,8.32826,8.32975,1.00,1.00
2017.02.24 11:00:02.938,8.32822,8.32985,1.00,1.00
2017.02.24 11:00:03.232,8.32832,8.32983,1.00,1.00
2017.02.24 11:00:03.583,8.32822,8.32968,1.00,1.00
2017.02.24 11:00:03.886,8.32822,8.32965,1.00,1.00
2017.02.24 11:00:04.257,8.32822,8.32954,1.00,1.00
2017.02.24 11:00:05.422,8.32822,8.32955,1.00,1.00
2017.02.24 11:00:07.592,8.32835,8.32985,1.00,1.00
2017.02.24 11:00:07.642,8.32845,8.3299,1.00,1.00
2017.02.24 11:00:08.213,8.32863,8.3299,1.00,1.00
2017.02.24 11:00:08.397,8.32863,8.33009,1.00,1.00
2017.02.24 11:00:08.649,8.32872,8.33009,1.00,1.00
2017.02.24 11:00:09.127,8.32872,8.33022,1.00,1.00
2017.02.24 11:00:09.228,8.32887,8.33031,1.00,1.00
2017.02.24 11:00:10.288,8.32891,8.33031,1.00,1.00
2017.02.24 11:00:10.678,8.32909,8.33031,1.00,1.00
2017.02.24 11:00:10.880,8.32896,8.33031,1.00,1.00
2017.02.24 11:00:10.931,8.329,8.33049,1.00,1.00
2017.02.24 11:00:11.261,8.32915,8.33057,1.00,1.00
2017.02.24 11:00:12.054,8.32929,8.33057,1.00,1.00
2017.02.24 11:00:12.446,8.32929,8.33077,1.00,1.50
2017.02.24 11:00:13.228,8.32941,8.33077,1.00,1.00
2017.02.24 11:00:13.481,8.32953,8.33098,1.00,1.00
2017.02.24 11:00:13.637,8.32953,8.331,1.00,1.50
2017.02.24 11:00:14.016,8.32946,8.33094,1.00,1.00
2017.02.24 11:00:14.117,8.32956,8.331,1.00,1.00
2017.02.24 11:00:14.568,8.32957,8.33107,1.00,1.00
2017.02.24 11:00:14.737,8.32953,8.3309,1.00,1.00
2017.02.24 11:00:14.838,8.3294,8.3309,1.00,1.00
2017.02.24 11:00:15.286,8.32961,8.33108,1.00,1.00
2017.02.24 11:00:16.069,8.32954,8.33095,1.00,1.00
2017.02.24 11:00:16.288,8.32935,8.33085,1.50,1.00
2017.02.24 11:00:17.010,8.32949,8.33099,1.00,1.00
2017.02.24 11:00:17.061,8.32957,8.33099,1.00,1.00
2017.02.24 11:00:17.325,8.32934,8.33079,1.00,1.00
2017.02.24 11:00:18.064,8.32936,8.33085,1.00,1.00
2017.02.24 11:00:18.227,8.32942,8.33091,1.00,1.00
2017.02.24 11:00:18.548,8.32951,8.33098,1.00,1.00
2017.02.24 11:00:18.898,8.32953,8.33098,1.00,1.00
2017.02.24 11:00:20.568,8.32953,8.33092,1.00,1.00
2017.02.24 11:00:21.055,8.32953,8.33099,1.00,1.00
2017.02.24 11:00:21.613,8.32955,8.33104,1.00,1.00
2017.02.24 11:00:25.692,8.32957,8.33106,1.00,1.00
2017.02.24 11:00:29.000,8.32957,8.33101,1.00,1.00
2017.02.24 11:00:29.346,8.32947,8.33096,1.00,1.00
2017.02.24 11:00:30.298,8.32942,8.33091,1.00,1.00
2017.02.24 11:00:31.297,8.32946,8.33095,1.00,1.00
2017.02.24 11:00:32.315,8.32938,8.33087,1.00,1.00
2017.02.24 11:00:32.663,8.32933,8.33067,1.00,1.00
2017.02.24 11:00:32.713,8.32918,8.33067,1.00,1.00
2017.02.24 11:00:33.356,8.3291,8.33064,1.50,1.00
2017.02.24 11:00:33.457,8.32916,8.3307,1.00,1.00
2017.02.24 11:00:34.479,8.3292,8.33066,1.00,1.00
2017.02.24 11:00:36.377,8.32913,8.33061,1.00,1.00
2017.02.24 11:00:36.660,8.3291,8.33057,1.00,1.00
2017.02.24 11:00:36.927,8.32917,8.33065,1.00,1.00
2017.02.24 11:00:36.978,8.3291,8.33056,1.00,1.00
2017.02.24 11:00:37.129,8.32908,8.33056,1.00,1.00
2017.02.24 11:00:37.978,8.3291,8.33057,1.00,1.00
2017.02.24 11:00:38.989,8.32912,8.33057,1.00,1.00
2017.02.24 11:00:39.642,8.32907,8.33055,1.00,1.00
2017.02.24 11:00:41.041,8.32901,8.33051,1.00,1.00
2017.02.24 11:00:41.092,8.32889,8.33038,1.00,1.00
2017.02.24 11:00:41.143,8.32901,8.33051,1.00,1.00
2017.02.24 11:00:41.368,8.32892,8.33033,1.00,1.00
2017.02.24 11:00:42.187,8.3288,8.33027,1.00,1.00
2017.02.24 11:00:43.053,8.32865,8.32996,1.00,1.00
2017.02.24 11:00:43.154,8.32849,8.32996,1.00,1.00
2017.02.24 11:00:43.566,8.32833,8.3298,1.00,1.00
2017.02.24 11:00:44.237,8.32829,8.32971,1.00,1.00
2017.02.24 11:00:44.388,8.32835,8.32982,1.00,1.00
2017.02.24 11:00:45.201,8.32839,8.32987,1.00,1.00
2017.02.24 11:00:45.626,8.32833,8.32981,1.00,1.00
2017.02.24 11:00:47.328,8.32839,8.32986,1.00,1.00
2017.02.24 11:00:47.735,8.32844,8.3299,1.00,1.00
2017.02.24 11:00:48.319,8.32839,8.32986,1.00,1.00
2017.02.24 11:00:49.529,8.32839,8.32973,1.00,1.00
2017.02.24 11:00:49.580,8.32837,8.32973,1.00,1.00
2017.02.24 11:00:52.084,8.32831,8.32973,1.00,1.00
2017.02.24 11:00:52.135,8.32827,8.32973,1.00,1.00
2017.02.24 11:00:52.186,8.32816,8.32965,1.00,1.00
2017.02.24 11:00:52.441,8.32823,8.32973,1.00,1.00
2017.02.24 11:00:52.684,8.32815,8.32964,1.00,1.00
2017.02.24 11:00:53.428,8.3281,8.32957,1.00,1.00
2017.02.24 11:00:53.872,8.32814,8.32963,1.00,1.00
2017.02.24 11:00:54.497,8.32811,8.32958,1.00,1.00
2017.02.24 11:00:55.757,8.32813,8.32962,1.00,1.00
2017.02.24 11:00:56.459,8.32826,8.32973,1.00,1.00
2017.02.24 11:00:56.765,8.32832,8.32973,1.00,1.00
2017.02.24 11:00:57.175,8.32832,8.32981,1.00,1.00
2017.02.24 11:00:57.277,8.3283,8.32977,1.00,1.00
2017.02.24 11:00:58.086,8.32807,8.32955,1.00,1.00
2017.02.24 11:00:58.620,8.32806,8.32955,1.00,1.00
2017.02.24 11:01:00.109,8.3281,8.32959,1.00,1.00
2017.02.24 11:01:00.487,8.32807,8.32954,1.00,1.00
2017.02.24 11:01:00.793,8.32796,8.32919,1.00,1.00
2017.02.24 11:01:00.894,8.32772,8.32919,1.50,1.00
2017.02.24 11:01:00.945,8.32798,8.32938,1.00,1.00
2017.02.24 11:01:01.943,8.32803,8.32938,1.00,1.00
2017.02.24 11:01:03.267,8.32802,8.32938,1.00,1.00
2017.02.24 11:01:04.403,8.32803,8.32938,1.00,1.00
2017.02.24 11:01:05.358,8.32785,8.32934,1.00,1.00
2017.02.24 11:01:05.409,8.32789,8.32936,1.00,1.00
2017.02.24 11:01:05.460,8.32775,8.32924,1.00,1.00
2017.02.24 11:01:05.712,8.32772,8.32912,1.00,1.00
2017.02.24 11:01:06.086,8.32764,8.32912,1.00,1.00
2017.02.24 11:01:06.863,8.32775,8.32916,1.00,1.00
2017.02.24 11:01:07.116,8.32786,8.32933,1.00,1.00
2017.02.24 11:01:07.559,8.32797,8.32941,1.00,1.00
2017.02.24 11:01:07.812,8.32807,8.32956,1.00,1.00
2017.02.24 11:01:08.674,8.32812,8.32959,1.00,1.00
2017.02.24 11:01:09.127,8.32807,8.32955,1.00,1.00
2017.02.24 11:01:09.177,8.32816,8.32963,1.00,1.50
2017.02.24 11:01:10.561,8.32811,8.32959,1.00,1.00
2017.02.24 11:01:11.490,8.32805,8.32953,1.00,1.00
2017.02.24 11:01:11.795,8.32808,8.32956,1.00,1.00
2017.02.24 11:01:12.125,8.32822,8.32963,1.00,1.00
2017.02.24 11:01:13.030,8.32826,8.32963,1.00,1.00
2017.02.24 11:01:13.206,8.32826,8.32972,1.00,1.00
2017.02.24 11:01:13.394,8.3283,8.32977,1.00,1.00
2017.02.24 11:01:14.072,8.32836,8.32983,1.00,1.00
2017.02.24 11:01:15.280,8.32842,8.32991,1.00,1.50
2017.02.24 11:01:15.646,8.32857,8.33005,1.00,1.00
2017.02.24 11:01:15.950,8.32867,8.33014,1.00,1.00
2017.02.24 11:01:16.154,8.32858,8.33007,1.00,1.00
2017.02.24 11:01:16.205,8.32848,8.32995,1.00,1.00
2017.02.24 11:01:16.308,8.32864,8.33012,1.00,1.00
2017.02.24 11:01:16.359,8.3287,8.33014,1.00,1.00
2017.02.24 11:01:16.512,8.32871,8.33018,1.00,1.00
2017.02.24 11:01:16.699,8.32885,8.3303,1.00,1.00
2017.02.24 11:01:17.633,8.32879,8.33027,1.00,1.00
2017.02.24 11:01:17.735,8.32891,8.33033,1.00,1.00
2017.02.24 11:01:17.803,8.32891,8.33039,1.00,1.00
2017.02.24 11:01:17.905,8.32887,8.33026,1.00,1.00
2017.02.24 11:01:18.006,8.32889,8.33037,1.00,1.00
2017.02.24 11:01:18.057,8.32907,8.3305,1.00,1.00
2017.02.24 11:01:18.108,8.32907,8.33053,1.00,1.00
2017.02.24 11:01:18.209,8.3291,8.33053,1.00,1.00
2017.02.24 11:01:18.759,8.32923,8.33071,1.00,1.00
2017.02.24 11:01:19.881,8.32924,8.33071,1.00,1.00
2017.02.24 11:01:20.201,8.32944,8.33078,1.00,1.00
2017.02.24 11:01:20.353,8.32954,8.33101,1.00,1.00
2017.02.24 11:01:21.162,8.32963,8.33111,1.00,1.00
2017.02.24 11:01:21.871,8.32981,8.33116,1.00,1.00
2017.02.24 11:01:22.079,8.32999,8.33139,1.00,1.00
2017.02.24 11:01:22.829,8.32999,8.33144,1.00,1.00
2017.02.24 11:01:25.865,8.32999,8.33146,1.00,1.00
2017.02.24 11:01:31.018,8.32999,8.33144,1.00,1.00
2017.02.24 11:01:33.340,8.33005,8.33152,1.00,1.00
2017.02.24 11:01:34.453,8.33013,8.3316,1.00,1.00
2017.02.24 11:01:34.895,8.33049,8.33197,1.00,1.00
2017.02.24 11:01:35.749,8.3305,8.33198,1.00,1.00
2017.02.24 11:01:35.800,8.33045,8.33193,1.00,1.00
2017.02.24 11:01:38.532,8.33047,8.33194,1.00,1.00
2017.02.24 11:01:40.893,8.33048,8.33194,1.00,1.00
2017.02.24 11:01:43.594,8.33042,8.33189,1.00,1.00
2017.02.24 11:01:44.570,8.33047,8.33193,1.00,1.00
2017.02.24 11:01:45.006,8.33042,8.33188,1.00,1.00
2017.02.24 11:01:45.307,8.33037,8.33171,1.00,1.00
2017.02.24 11:01:48.337,8.33037,8.33164,1.00,1.00
2017.02.24 11:01:48.388,8.33019,8.33164,1.00,1.00
2017.02.24 11:01:49.249,8.33014,8.33161,1.00,1.00
2017.02.24 11:01:50.980,8.3301,8.33156,1.00,1.00
2017.02.24 11:01:52.421,8.33023,8.33171,1.00,1.00
2017.02.24 11:01:53.137,8.3301,8.33157,1.00,1.00
2017.02.24 11:01:54.797,8.3301,8.3315,1.00,1.00
2017.02.24 11:01:55.086,8.3301,8.33153,1.00,1.00
2017.02.24 11:01:55.680,8.3301,8.3315,1.00,1.00
2017.02.24 11:01:56.322,8.3301,8.33153,1.00,1.00
2017.02.24 11:01:56.372,8.3301,8.33149,1.00,1.00
2017.02.24 11:02:00.602,8.3301,8.33145,1.00,1.00
2017.02.24 11:02:00.886,8.3301,8.33148,1.00,1.00
2017.02.24 11:02:03.386,8.3301,8.33152,1.00,1.00
2017.02.24 11:02:04.743,8.3301,8.33137,1.00,1.00
2017.02.24 11:02:06.029,8.33005,8.33137,1.00,1.00
2017.02.24 11:02:08.239,8.33005,8.33136,1.00,1.00
2017.02.24 11:02:09.613,8.33005,8.33109,1.00,1.00
2017.02.24 11:02:09.664,8.32985,8.33099,1.00,1.00
2017.02.24 11:02:09.766,8.32964,8.33099,1.00,1.00
2017.02.24 11:02:09.817,8.32955,8.33099,1.00,1.00
2017.02.24 11:02:09.868,8.32955,8.3309,1.00,1.00
2017.02.24 11:02:10.173,8.32942,8.3309,1.00,1.00
2017.02.24 11:02:10.225,8.32933,8.33068,1.00,1.00
2017.02.24 11:02:10.762,8.32933,8.33058,1.00,1.00
2017.02.24 11:02:10.863,8.32912,8.3304,1.00,1.00
2017.02.24 11:02:11.267,8.32895,8.3304,1.00,1.00
2017.02.24 11:02:11.485,8.32891,8.33029,1.00,1.00
2017.02.24 11:02:11.909,8.32891,8.33018,1.00,1.00
2017.02.24 11:02:12.061,8.32872,8.33018,1.00,1.00
2017.02.24 11:02:12.112,8.3287,8.33008,1.00,1.00
2017.02.24 11:02:12.365,8.32849,8.32995,1.00,1.00
2017.02.24 11:02:12.416,8.32847,8.32995,1.00,1.00
2017.02.24 11:02:12.466,8.32845,8.32984,1.00,1.00
2017.02.24 11:02:13.287,8.32845,8.3297,1.00,1.00
2017.02.24 11:02:13.389,8.32825,8.3297,1.50,1.00
2017.02.24 11:02:13.591,8.32825,8.3296,1.00,1.00
2017.02.24 11:02:15.310,8.32825,8.32964,1.00,1.00
2017.02.24 11:02:16.471,8.32825,8.32966,1.00,1.00
2017.02.24 11:02:18.440,8.32827,8.32973,1.00,1.00
2017.02.24 11:02:25.959,8.32825,8.3297,1.00,1.00
2017.02.24 11:02:26.978,8.32825,8.32969,1.00,1.00
2017.02.24 11:02:27.236,8.32829,8.32977,1.00,1.00
2017.02.24 11:02:27.968,8.32825,8.3297,1.00,1.00
2017.02.24 11:02:31.154,8.32825,8.3296,1.00,1.00
2017.02.24 11:02:31.205,8.32815,8.3296,1.00,1.00
2017.02.24 11:02:32.638,8.32818,8.32964,1.00,1.00
2017.02.24 11:02:33.231,8.32826,8.32972,1.00,1.00
2017.02.24 11:02:33.438,8.32847,8.32995,1.00,1.00
2017.02.24 11:02:33.490,8.32859,8.33005,1.00,1.87
2017.02.24 11:02:33.591,8.32859,8.33005,1.00,1.50
2017.02.24 11:02:33.795,8.32881,8.33005,1.00,1.00
2017.02.24 11:02:33.846,8.32866,8.33005,1.00,1.00
2017.02.24 11:02:33.897,8.32866,8.33013,1.00,1.00
2017.02.24 11:02:33.948,8.32865,8.32997,1.00,1.00
2017.02.24 11:02:34.302,8.32865,8.32984,1.00,1.00
2017.02.24 11:02:34.404,8.32842,8.32984,1.00,1.00
2017.02.24 11:02:35.289,8.32842,8.32983,1.00,1.00
2017.02.24 11:02:35.693,8.32842,8.32966,1.00,1.00
2017.02.24 11:02:35.996,8.32812,8.3296,1.00,1.00
2017.02.24 11:02:36.111,8.32822,8.32968,1.00,1.00
2017.02.24 11:02:36.414,8.32834,8.32978,1.00,1.00
2017.02.24 11:02:38.262,8.32836,8.32984,1.00,1.00
2017.02.24 11:02:38.313,8.32843,8.32991,1.00,1.60
2017.02.24 11:02:38.619,8.32835,8.32983,1.00,1.00
2017.02.24 11:02:39.345,8.32848,8.32994,1.00,1.00
2017.02.24 11:02:39.597,8.32869,8.33017,1.00,1.00
2017.02.24 11:02:39.699,8.32863,8.33007,1.00,1.00
2017.02.24 11:02:40.588,8.32863,8.32999,1.00,1.00
2017.02.24 11:02:40.841,8.32839,8.32983,1.00,1.00
2017.02.24 11:02:41.579,8.32839,8.32978,1.00,1.00
2017.02.24 11:02:42.581,8.32839,8.32977,1.00,1.00
2017.02.24 11:02:42.815,8.32839,8.32982,1.00,1.00
2017.02.24 11:02:42.866,8.32846,8.32992,1.00,1.00
2017.02.24 11:02:42.917,8.32853,8.33001,1.00,1.00
2017.02.24 11:02:42.969,8.32844,8.32987,1.00,1.00
2017.02.24 11:02:43.276,8.32863,8.32987,1.00,1.00
2017.02.24 11:02:43.769,8.32863,8.32974,1.00,1.00
2017.02.24 11:02:43.921,8.32831,8.32958,1.00,1.00
2017.02.24 11:02:44.110,8.32801,8.32946,1.00,1.00
2017.02.24 11:02:44.651,8.32815,8.32963,1.00,1.00
2017.02.24 11:02:44.702,8.32831,8.32966,1.00,1.00
2017.02.24 11:02:44.854,8.32831,8.32977,1.00,1.00
2017.02.24 11:02:44.955,8.32823,8.32965,1.00,1.00
2017.02.24 11:02:45.390,8.32823,8.32954,1.00,1.00
2017.02.24 11:02:45.856,8.32823,8.32936,1.00,1.00
2017.02.24 11:02:46.060,8.32792,8.32922,1.00,1.00
2017.02.24 11:02:46.111,8.32792,8.32933,1.00,1.00
2017.02.24 11:02:46.365,8.32792,8.3292,1.00,1.00
2017.02.24 11:02:47.386,8.32792,8.32916,1.00,1.00
2017.02.24 11:02:48.507,8.32792,8.3292,1.00,1.00
2017.02.24 11:02:52.812,8.32792,8.32911,1.00,1.00
2017.02.24 11:02:52.965,8.32769,8.32905,1.00,1.00
2017.02.24 11:02:53.813,8.32769,8.32899,1.00,1.00
2017.02.24 11:02:54.133,8.32769,8.32905,1.00,1.00
2017.02.24 11:02:54.318,8.32769,8.32913,1.00,1.00
2017.02.24 11:02:54.369,8.32789,8.32935,1.00,1.00
2017.02.24 11:02:54.471,8.32808,8.32937,1.00,1.00
2017.02.24 11:02:55.289,8.32808,8.32932,1.00,1.00
2017.02.24 11:02:56.200,8.32808,8.32931,1.00,1.00
2017.02.24 11:02:56.579,8.32808,8.3292,1.00,1.00
2017.02.24 11:02:56.783,8.3279,8.3292,1.00,1.00
2017.02.24 11:02:58.737,8.3279,8.32925,1.00,1.00
2017.02.24 11:02:58.788,8.3279,8.3293,1.00,1.00
2017.02.24 11:03:00.961,8.3279,8.32936,1.00,1.00
2017.02.24 11:03:01.063,8.32814,8.32955,1.00,1.00
2017.02.24 11:03:01.254,8.32804,8.32952,1.00,1.00
2017.02.24 11:03:02.031,8.32809,8.32956,1.00,1.00
2017.02.24 11:03:02.660,8.32798,8.32946,1.00,1.00
2017.02.24 11:03:02.716,8.3279,8.32927,1.00,1.00
2017.02.24 11:03:03.617,8.3279,8.32929,1.00,1.00
2017.02.24 11:03:03.949,8.3279,8.32933,1.00,1.00
2017.02.24 11:03:04.000,8.32801,8.32949,1.00,1.00
2017.02.24 11:03:04.980,8.32799,8.32947,1.00,1.00
2017.02.24 11:03:06.018,8.32805,8.32952,1.00,1.00
2017.02.24 11:03:06.468,8.32809,8.32952,1.00,1.00
2017.02.24 11:03:08.711,8.32809,8.32948,1.00,1.00
2017.02.24 11:03:09.444,8.32811,8.32958,1.00,1.00
2017.02.24 11:03:09.545,8.32825,8.32973,1.00,1.00
2017.02.24 11:03:09.697,8.32839,8.32963,1.00,1.00
2017.02.24 11:03:10.475,8.32839,8.32956,1.00,1.00
2017.02.24 11:03:10.820,8.32822,8.32948,1.00,1.00
2017.02.24 11:03:11.461,8.32822,8.32942,1.00,1.00
2017.02.24 11:03:11.997,8.32822,8.32938,1.00,1.00
2017.02.24 11:03:12.612,8.32822,8.32933,1.00,1.00
2017.02.24 11:03:12.792,8.32801,8.32933,1.00,1.00
2017.02.24 11:03:13.798,8.32801,8.32928,1.00,1.00
2017.02.24 11:03:14.209,8.32801,8.32936,1.00,1.00
2017.02.24 11:03:14.817,8.32801,8.32931,1.00,1.00
2017.02.24 11:03:15.631,8.32801,8.32927,1.00,1.00
2017.02.24 11:03:15.682,8.32781,8.32927,1.00,1.00
2017.02.24 11:03:16.651,8.32781,8.32926,1.00,1.00
2017.02.24 11:03:17.704,8.32781,8.32921,1.00,1.00
2017.02.24 11:03:18.007,8.32741,8.32887,1.00,1.00
2017.02.24 11:03:18.318,8.32745,8.32893,1.00,1.00
2017.02.24 11:03:19.090,8.32761,8.32909,1.00,1.00
2017.02.24 11:03:19.427,8.32773,8.3291,1.00,1.00
2017.02.24 11:03:19.730,8.32773,8.32904,1.00,1.00
2017.02.24 11:03:20.057,8.32773,8.32893,1.00,1.00
2017.02.24 11:03:20.887,8.32773,8.32888,1.00,1.00
2017.02.24 11:03:20.988,8.32746,8.32888,1.00,1.00
2017.02.24 11:03:21.190,8.32746,8.32877,1.00,1.00
2017.02.24 11:03:21.494,8.32724,8.32865,1.00,1.00
2017.02.24 11:03:21.544,8.32724,8.32854,1.00,1.00
2017.02.24 11:03:21.646,8.32724,8.32865,1.00,1.00
2017.02.24 11:03:22.295,8.32724,8.32858,1.00,1.00
2017.02.24 11:03:22.721,8.32724,8.32861,1.00,1.00
2017.02.24 11:03:23.308,8.32724,8.32869,1.00,1.00
2017.02.24 11:03:23.410,8.32731,8.32879,1.00,1.00
2017.02.24 11:03:23.562,8.32741,8.32889,1.00,1.00
2017.02.24 11:03:23.865,8.32724,8.32864,1.00,1.00
2017.02.24 11:03:24.198,8.32724,8.32854,1.00,1.00
2017.02.24 11:03:24.913,8.32724,8.32853,1.00,1.00
2017.02.24 11:03:25.666,8.32724,8.32848,1.00,1.00
2017.02.24 11:03:26.126,8.32724,8.32858,1.00,1.00
2017.02.24 11:03:26.380,8.32725,8.32873,1.00,1.00
2017.02.24 11:03:26.936,8.32736,8.32882,1.00,1.00
2017.02.24 11:03:27.239,8.32763,8.3289,1.00,1.00
2017.02.24 11:03:27.491,8.32763,8.32911,1.00,1.00
2017.02.24 11:03:28.005,8.32757,8.32905,1.00,1.00
2017.02.24 11:03:28.852,8.32767,8.32915,1.00,1.50
2017.02.24 11:03:29.004,8.32776,8.32926,1.00,1.00
2017.02.24 11:03:29.874,8.32779,8.32933,1.00,1.00
2017.02.24 11:03:29.925,8.32787,8.32935,1.00,1.00
2017.02.24 11:03:30.226,8.32809,8.32955,1.00,1.00
2017.02.24 11:03:30.277,8.32809,8.32958,1.00,1.00
2017.02.24 11:03:30.734,8.32799,8.32948,1.00,1.00
2017.02.24 11:03:31.089,8.32809,8.32957,1.00,1.00
2017.02.24 11:03:31.392,8.32821,8.32958,1.00,1.00
2017.02.24 11:03:32.132,8.32821,8.32955,1.00,1.00
2017.02.24 11:03:32.431,8.32797,8.32945,1.00,1.00
2017.02.24 11:03:32.533,8.32809,8.32956,1.00,1.50
2017.02.24 11:03:32.927,8.32812,8.32956,1.00,1.00
2017.02.24 11:03:33.491,8.32812,8.3296,1.50,1.00
2017.02.24 11:03:33.593,8.32812,8.32963,1.00,2.25
2017.02.24 11:03:33.644,8.32815,8.32963,1.00,2.25
2017.02.24 11:03:34.380,8.32815,8.32973,1.00,1.00
2017.02.24 11:03:34.431,8.32829,8.3298,1.00,1.00
2017.02.24 11:03:35.724,8.32819,8.32977,1.00,1.00
2017.02.24 11:03:35.775,8.32812,8.32969,1.00,1.00
2017.02.24 11:03:36.761,8.32812,8.32965,1.00,1.00
2017.02.24 11:03:37.814,8.32812,8.32978,1.00,1.00
2017.02.24 11:03:38.102,8.32815,8.32977,1.00,1.00
2017.02.24 11:03:38.753,8.32812,8.32977,1.00,1.00
2017.02.24 11:03:38.903,8.32815,8.3298,1.00,1.00
2017.02.24 11:03:39.280,8.32822,8.3298,1.00,1.00
2017.02.24 11:03:39.483,8.32846,8.33008,1.00,1.00
2017.02.24 11:03:39.876,8.32846,8.33,1.00,1.00
2017.02.24 11:03:40.300,8.32846,8.33004,1.00,1.00
2017.02.24 11:03:40.414,8.32846,8.32993,1.00,1.00
2017.02.24 11:03:40.718,8.32846,8.32985,1.00,1.00
2017.02.24 11:03:40.768,8.32846,8.32997,1.00,1.00
2017.02.24 11:03:41.113,8.32828,8.32995,1.00,1.00
2017.02.24 11:03:42.374,8.32828,8.32991,1.00,1.00
2017.02.24 11:03:43.153,8.32828,8.32986,1.00,1.00
2017.02.24 11:03:43.645,8.32828,8.32981,1.00,1.00
2017.02.24 11:03:44.539,8.32828,8.32986,1.00,1.00
2017.02.24 11:03:45.902,8.32828,8.32981,1.00,1.00
2017.02.24 11:03:46.761,8.32828,8.32976,1.00,1.00
2017.02.24 11:03:46.811,8.32828,8.32983,1.00,1.00
2017.02.24 11:03:48.646,8.32828,8.32976,1.00,1.00
2017.02.24 11:03:48.921,8.32828,8.32982,1.00,1.00
2017.02.24 11:03:48.972,8.32828,8.3299,1.00,1.00
2017.02.24 11:03:49.023,8.32842,8.3299,1.00,1.00
2017.02.24 11:03:49.942,8.32854,8.3299,1.00,1.00
2017.02.24 11:03:50.401,8.32854,8.32988,1.00,1.00
2017.02.24 11:03:51.023,8.32854,8.32998,1.00,1.00
2017.02.24 11:03:51.124,8.32854,8.33,1.00,1.00
2017.02.24 11:03:51.175,8.32862,8.3301,1.00,1.00
2017.02.24 11:03:52.872,8.32854,8.33002,1.50,1.00
2017.02.24 11:03:53.845,8.32855,8.33003,1.00,1.00
2017.02.24 11:03:55.067,8.32857,8.33002,1.00,1.00
2017.02.24 11:03:55.677,8.32854,8.32998,1.00,1.00
2017.02.24 11:03:55.889,8.32858,8.33003,1.00,1.00
2017.02.24 11:03:56.067,8.32874,8.33003,1.00,1.00
2017.02.24 11:03:57.018,8.32874,8.32995,1.00,1.00
2017.02.24 11:03:57.394,8.32874,8.32986,1.00,1.00
2017.02.24 11:03:57.445,8.32874,8.33003,1.00,1.00
2017.02.24 11:03:58.348,8.32874,8.33002,1.00,1.00
2017.02.24 11:03:59.349,8.32874,8.33006,1.00,1.00
2017.02.24 11:04:01.015,8.32874,8.33008,1.00,1.00
2017.02.24 11:04:01.117,8.32874,8.33006,1.00,1.00
2017.02.24 11:04:01.468,8.32874,8.32997,1.00,1.00
2017.02.24 11:04:01.740,8.32874,8.33009,1.00,1.00
2017.02.24 11:04:02.682,8.32874,8.33004,1.00,1.00
2017.02.24 11:04:03.499,8.32874,8.32991,1.00,1.00
2017.02.24 11:04:03.825,8.32853,8.32982,1.00,1.00
2017.02.24 11:04:03.877,8.32849,8.32982,1.00,1.00
2017.02.24 11:04:04.727,8.32849,8.3298,1.00,1.00
2017.02.24 11:04:07.723,8.32849,8.32975,1.00,1.00
2017.02.24 11:04:08.026,8.32818,8.32963,1.00,1.00
2017.02.24 11:04:08.816,8.32818,8.32957,1.00,1.00
2017.02.24 11:04:09.393,8.32818,8.32951,1.00,1.00
2017.02.24 11:04:09.763,8.32818,8.32944,1.00,1.00
2017.02.24 11:04:10.096,8.32818,8.32936,1.00,1.00
2017.02.24 11:04:10.420,8.32818,8.32941,1.00,1.00
2017.02.24 11:04:10.471,8.32818,8.3295,1.00,1.00
2017.02.24 11:04:11.004,8.32818,8.32956,1.00,1.00
2017.02.24 11:04:11.458,8.32818,8.32962,1.00,1.00
2017.02.24 11:04:12.571,8.32818,8.32957,1.00,1.00
2017.02.24 11:04:12.687,8.32818,8.32968,1.00,1.00
2017.02.24 11:04:14.177,8.32818,8.32954,1.00,1.00
2017.02.24 11:04:14.329,8.32797,8.32948,1.00,1.00
2017.02.24 11:04:14.481,8.32797,8.32955,1.00,1.00
2017.02.24 11:04:14.582,8.32797,8.32963,1.00,1.00
2017.02.24 11:04:14.633,8.3281,8.32965,1.00,1.00
2017.02.24 11:04:15.017,8.32797,8.32948,1.00,1.00
2017.02.24 11:04:15.618,8.32797,8.32942,1.00,1.00
2017.02.24 11:04:15.720,8.32778,8.32942,1.00,1.00
2017.02.24 11:04:16.573,8.32778,8.32946,1.50,1.50
2017.02.24 11:04:18.656,8.32778,8.32941,1.00,1.00
2017.02.24 11:04:21.056,8.32778,8.32938,1.00,1.00
2017.02.24 11:04:21.362,8.32779,8.32927,1.00,1.00
2017.02.24 11:04:21.677,8.32792,8.32938,1.00,1.00
2017.02.24 11:04:22.111,8.32801,8.32938,1.00,1.00
2017.02.24 11:04:23.580,8.32801,8.32948,1.50,1.00
2017.02.24 11:04:23.782,8.3282,8.32967,1.00,1.00
2017.02.24 11:04:24.857,8.32822,8.32967,1.00,1.00
2017.02.24 11:04:25.257,8.32822,8.32958,1.00,1.00
2017.02.24 11:04:25.563,8.32783,8.3293,1.00,1.00
2017.02.24 11:04:26.387,8.32783,8.32927,1.00,1.00
2017.02.24 11:04:26.593,8.32791,8.32938,1.00,1.00
2017.02.24 11:04:26.745,8.32783,8.3293,1.00,1.00
2017.02.24 11:04:27.048,8.32799,8.32946,1.00,1.00
2017.02.24 11:04:27.426,8.32809,8.32951,1.00,1.00
2017.02.24 11:04:27.635,8.32818,8.32963,1.00,2.25
2017.02.24 11:04:28.608,8.32818,8.32966,1.00,1.00
2017.02.24 11:04:28.709,8.32831,8.32978,1.00,1.00
2017.02.24 11:04:31.563,8.32832,8.32979,1.00,1.00
2017.02.24 11:04:32.136,8.32841,8.32988,1.00,1.00
2017.02.24 11:04:32.237,8.32847,8.32995,1.00,1.00
2017.02.24 11:04:32.391,8.32862,8.32995,1.00,1.00
2017.02.24 11:04:32.443,8.32862,8.33006,1.00,1.00
2017.02.24 11:04:33.108,8.32866,8.33014,1.00,1.00
2017.02.24 11:04:33.515,8.32877,8.33025,1.00,1.00
2017.02.24 11:04:34.864,8.32867,8.33014,1.00,1.00
2017.02.24 11:04:34.915,8.32862,8.3301,1.50,1.00
2017.02.24 11:04:35.067,8.32862,8.33004,1.00,1.00
2017.02.24 11:04:35.903,8.32862,8.32999,1.00,1.00
2017.02.24 11:04:36.227,8.32862,8.32994,1.00,1.00
2017.02.24 11:04:37.139,8.32862,8.33,1.00,1.00
2017.02.24 11:04:37.241,8.32862,8.33004,1.00,1.00
2017.02.24 11:04:37.342,8.32883,8.33004,1.00,1.00
2017.02.24 11:04:38.094,8.32883,8.33009,1.00,1.00
2017.02.24 11:04:38.296,8.32883,8.33021,1.00,1.00
2017.02.24 11:04:38.867,8.32883,8.33026,1.00,1.00
2017.02.24 11:04:41.052,8.32883,8.33022,1.00,1.00
2017.02.24 11:04:41.818,8.32883,8.3303,1.00,1.00
2017.02.24 11:04:41.919,8.3289,8.33037,1.00,1.00
2017.02.24 11:04:42.333,8.32901,8.33049,1.00,1.00
2017.02.24 11:04:42.384,8.32907,8.3305,1.00,1.00
2017.02.24 11:04:42.536,8.32917,8.33064,1.00,1.00
2017.02.24 11:04:42.688,8.32929,8.33075,1.00,1.00
2017.02.24 11:04:43.456,8.32923,8.33069,1.00,1.00
2017.02.24 11:04:45.982,8.32926,8.33074,1.00,1.00
2017.02.24 11:04:48.696,8.32922,8.33069,1.00,1.00
2017.02.24 11:04:49.045,8.32917,8.33064,1.00,1.00
2017.02.24 11:04:49.724,8.32909,8.33056,1.00,1.00
2017.02.24 11:04:50.209,8.32907,8.33052,1.00,1.00
2017.02.24 11:04:51.090,8.32907,8.33048,1.00,1.00
2017.02.24 11:04:52.082,8.32907,8.33036,1.00,1.00
2017.02.24 11:04:52.183,8.32907,8.33042,1.00,1.00
2017.02.24 11:04:53.135,8.32907,8.33046,1.00,1.00
2017.02.24 11:04:55.136,8.32907,8.33049,1.00,1.00
2017.02.24 11:04:55.187,8.32907,8.33043,1.00,1.00
2017.02.24 11:04:56.232,8.32907,8.33044,1.00,1.00
2017.02.24 11:04:58.421,8.32907,8.33058,1.00,1.00
2017.02.24 11:04:58.623,8.32917,8.33058,1.00,1.00
2017.02.24 11:04:59.268,8.32917,8.33065,1.00,1.00
2017.02.24 11:04:59.370,8.32948,8.33085,1.00,1.00
2017.02.24 11:04:59.521,8.32948,8.33102,1.00,1.00
2017.02.24 11:04:59.572,8.32942,8.3309,1.00,1.00
2017.02.24 11:04:59.976,8.32942,8.33076,1.00,1.00
2017.02.24 11:05:00.481,8.32942,8.3307,1.00,1.00
2017.02.24 11:05:01.199,8.32942,8.33078,1.00,1.00
2017.02.24 11:05:03.455,8.32942,8.33074,1.00,1.00
2017.02.24 11:05:03.759,8.32878,8.33,1.00,1.00
2017.02.24 11:05:03.911,8.32858,8.33,1.00,1.00
2017.02.24 11:05:04.721,8.32858,8.33007,1.00,1.00
2017.02.24 11:05:05.885,8.32858,8.33014,1.00,1.00
2017.02.24 11:05:06.495,8.32858,8.3302,1.00,1.00
2017.02.24 11:05:06.546,8.32858,8.33026,1.37,1.50
2017.02.24 11:05:06.597,8.32867,8.33026,1.00,1.00
2017.02.24 11:05:06.901,8.3286,8.33012,1.00,1.00
2017.02.24 11:05:07.495,8.32863,8.33012,1.00,1.00
2017.02.24 11:05:07.854,8.32883,8.33021,1.00,1.00
2017.02.24 11:05:08.951,8.32883,8.33028,1.00,1.00
2017.02.24 11:05:10.273,8.32883,8.33036,1.00,1.00
2017.02.24 11:05:10.374,8.32883,8.33042,1.00,1.00
2017.02.24 11:05:10.426,8.3289,8.33051,1.00,1.00
2017.02.24 11:05:10.477,8.329,8.33051,1.00,1.00
2017.02.24 11:05:10.528,8.32909,8.33064,1.00,1.00
2017.02.24 11:05:11.335,8.32909,8.33046,1.00,1.00
2017.02.24 11:05:11.486,8.32909,8.33058,1.00,1.00
2017.02.24 11:05:11.537,8.32909,8.33064,1.00,1.00
2017.02.24 11:05:11.873,8.32919,8.33065,1.00,1.00
2017.02.24 11:05:12.866,8.32918,8.33063,1.00,1.00
2017.02.24 11:05:16.417,8.32915,8.33063,1.00,1.00
2017.02.24 11:05:16.715,8.32932,8.33063,1.00,1.00
2017.02.24 11:05:18.794,8.32932,8.3307,1.00,1.00
2017.02.24 11:05:19.778,8.32932,8.33068,1.00,1.00
2017.02.24 11:05:21.859,8.32932,8.33072,1.00,1.00
2017.02.24 11:05:26.320,8.32932,8.33075,1.00,1.00
2017.02.24 11:05:27.879,8.32957,8.33099,1.00,1.00
2017.02.24 11:05:27.981,8.32968,8.33112,1.00,1.00
2017.02.24 11:05:28.032,8.32968,8.33115,1.00,1.00
2017.02.24 11:05:28.744,8.32958,8.33106,1.00,1.00
2017.02.24 11:05:30.561,8.32968,8.33115,1.00,1.00
2017.02.24 11:05:31.515,8.32966,8.33111,1.00,1.00
2017.02.24 11:05:32.517,8.32964,8.33111,1.00,1.00
2017.02.24 11:05:33.736,8.32957,8.33099,1.00,1.00
2017.02.24 11:05:34.428,8.32957,8.33066,1.00,1.00
2017.02.24 11:05:34.580,8.32931,8.33055,1.00,1.00
2017.02.24 11:05:34.631,8.32931,8.33044,1.00,1.00
2017.02.24 11:05:34.783,8.32906,8.33044,1.00,1.00
2017.02.24 11:05:34.833,8.32906,8.33032,1.00,1.00
2017.02.24 11:05:34.985,8.32885,8.33032,1.50,1.00
2017.02.24 11:05:35.168,8.32885,8.33012,1.00,1.00
2017.02.24 11:05:35.371,8.32851,8.32984,1.00,1.00
2017.02.24 11:05:35.573,8.32829,8.32984,1.00,1.00
2017.02.24 11:05:35.674,8.32831,8.32979,1.00,1.00
2017.02.24 11:05:36.282,8.32827,8.32973,1.00,1.00
2017.02.24 11:05:37.021,8.32827,8.32958,1.00,1.00
2017.02.24 11:05:37.172,8.32805,8.32948,1.00,1.00
2017.02.24 11:05:38.127,8.32805,8.32952,1.00,1.00
2017.02.24 11:05:38.994,8.3281,8.32956,1.00,1.00
2017.02.24 11:05:41.362,8.32843,8.32973,1.00,1.00
2017.02.24 11:05:41.615,8.32843,8.32989,1.00,1.00
2017.02.24 11:05:42.365,8.32852,8.33,1.00,1.00
2017.02.24 11:05:43.501,8.32866,8.33007,1.00,1.00
2017.02.24 11:05:43.837,8.32872,8.33007,1.00,1.00
2017.02.24 11:05:44.512,8.32872,8.33019,1.00,1.00
2017.02.24 11:05:44.614,8.32885,8.33031,1.00,1.50
2017.02.24 11:05:45.620,8.32887,8.33034,1.00,1.00
2017.02.24 11:05:45.840,8.32887,8.33037,1.00,1.00
2017.02.24 11:05:45.992,8.32887,8.33035,1.00,1.00
2017.02.24 11:05:46.458,8.329,8.33049,1.00,1.00
2017.02.24 11:05:46.711,8.32904,8.3305,1.00,1.00
2017.02.24 11:05:46.812,8.32904,8.33072,1.00,1.00
2017.02.24 11:05:47.022,8.32961,8.33072,1.00,1.00
2017.02.24 11:05:47.123,8.32962,8.33103,1.00,1.00
2017.02.24 11:05:47.325,8.32962,8.33109,1.00,1.00
2017.02.24 11:05:47.589,8.32962,8.33104,1.00,1.00
2017.02.24 11:05:47.839,8.32962,8.33109,1.00,1.00
2017.02.24 11:05:48.315,8.32968,8.33116,1.00,1.00
2017.02.24 11:05:48.423,8.32998,8.33146,1.00,1.00
2017.02.24 11:05:48.727,8.3303,8.33179,1.00,1.00
2017.02.24 11:05:48.829,8.33046,8.33193,1.00,1.00
2017.02.24 11:05:49.389,8.33046,8.33194,1.00,1.00
2017.02.24 11:05:49.785,8.3305,8.33197,1.00,1.00
2017.02.24 11:05:50.316,8.33054,8.33203,1.00,1.00
2017.02.24 11:05:50.909,8.33061,8.33209,1.00,1.00
2017.02.24 11:05:51.216,8.33086,8.33229,1.00,1.00
2017.02.24 11:05:51.572,8.33076,8.33222,1.00,1.00
2017.02.24 11:05:52.760,8.33084,8.33222,1.00,1.00
2017.02.24 11:05:52.862,8.33086,8.33234,1.00,1.00
2017.02.24 11:05:54.596,8.33092,8.3324,1.00,1.00
2017.02.24 11:05:54.900,8.33131,8.33269,1.00,1.00
2017.02.24 11:05:55.638,8.33131,8.33275,1.00,1.00
2017.02.24 11:05:55.772,8.33131,8.33267,1.00,1.00
2017.02.24 11:05:56.055,8.33131,8.33276,1.00,1.00
2017.02.24 11:05:56.808,8.33131,8.33271,1.00,1.00
2017.02.24 11:05:57.113,8.33131,8.33255,1.00,1.00
2017.02.24 11:05:57.320,8.33131,8.33277,1.00,1.00
2017.02.24 11:05:57.421,8.33142,8.3329,1.00,1.00
2017.02.24 11:05:57.523,8.33154,8.3329,1.00,1.00
2017.02.24 11:05:57.574,8.33174,8.33313,1.00,1.00
2017.02.24 11:05:57.730,8.33174,8.3332,1.00,1.00
2017.02.24 11:05:57.782,8.33177,8.33317,1.00,1.00
2017.02.24 11:05:58.087,8.33202,8.33315,1.00,1.00
2017.02.24 11:05:58.393,8.33202,8.33302,1.00,1.00
2017.02.24 11:05:58.946,8.33177,8.33302,1.00,1.00
2017.02.24 11:05:58.997,8.33177,8.33312,1.00,1.00
2017.02.24 11:05:59.459,8.33177,8.33323,1.00,1.00
2017.02.24 11:05:59.712,8.33187,8.33335,1.00,1.00
2017.02.24 11:05:59.814,8.33201,8.33335,1.00,1.00
2017.02.24 11:06:00.188,8.33201,8.33313,1.00,1.00
2017.02.24 11:06:00.240,8.33177,8.33299,1.00,1.00
2017.02.24 11:06:00.595,8.33177,8.33317,1.00,1.00
2017.02.24 11:06:00.697,8.3318,8.33328,1.00,1.00
2017.02.24 11:06:00.748,8.33177,8.33318,1.00,1.00
2017.02.24 11:06:00.951,8.33156,8.33304,1.00,1.00
2017.02.24 11:06:01.314,8.33153,8.3329,1.00,1.00
2017.02.24 11:06:01.469,8.33122,8.33264,1.00,1.00
2017.02.24 11:06:01.520,8.33122,8.33237,1.00,1.00
2017.02.24 11:06:01.722,8.33098,8.33237,1.00,1.00
2017.02.24 11:06:01.773,8.33098,8.33254,1.00,1.00
2017.02.24 11:06:01.975,8.33098,8.33234,1.00,1.00
2017.02.24 11:06:02.434,8.33099,8.3326,1.37,1.00
2017.02.24 11:06:02.485,8.331,8.3326,1.12,1.00
2017.02.24 11:06:02.790,8.33178,8.33293,1.00,1.00
2017.02.24 11:06:02.891,8.33188,8.33344,1.00,1.00
2017.02.24 11:06:02.942,8.33216,8.33353,1.00,1.00
2017.02.24 11:06:03.367,8.33216,8.33364,1.00,1.00
2017.02.24 11:06:03.520,8.33216,8.33351,1.00,1.00
2017.02.24 11:06:03.621,8.33193,8.33351,1.00,1.00
2017.02.24 11:06:03.773,8.33193,8.33339,1.00,1.00
2017.02.24 11:06:04.373,8.33193,8.33332,1.00,1.00
2017.02.24 11:06:04.844,8.33193,8.33337,1.00,1.00
2017.02.24 11:06:04.996,8.33193,8.33345,1.00,1.00
2017.02.24 11:06:05.048,8.33193,8.33354,1.00,1.00
2017.02.24 11:06:05.150,8.33225,8.33354,1.00,1.00
2017.02.24 11:06:05.353,8.33193,8.33326,1.00,1.00
2017.02.24 11:06:05.454,8.33193,8.33304,1.00,1.00
2017.02.24 11:06:05.556,8.3317,8.33291,1.00,1.00
2017.02.24 11:06:05.607,8.3317,8.33268,1.00,1.00
2017.02.24 11:06:05.658,8.3313,8.33268,1.00,1.00
2017.02.24 11:06:05.898,8.3313,8.33287,1.00,1.00
2017.02.24 11:06:06.570,8.3313,8.33279,1.00,1.00
2017.02.24 11:06:07.985,8.3313,8.33289,1.00,1.00
2017.02.24 11:06:08.036,8.3313,8.33295,1.00,1.00
2017.02.24 11:06:08.655,8.3313,8.33297,1.00,1.00
2017.02.24 11:06:10.031,8.33133,8.33297,1.00,1.00
2017.02.24 11:06:10.571,8.33144,8.33297,1.00,1.00
2017.02.24 11:06:11.161,8.33139,8.33297,1.00,1.00
2017.02.24 11:06:12.627,8.3313,8.33294,1.50,1.00
2017.02.24 11:06:12.677,8.3313,8.33289,1.00,1.00
2017.02.24 11:06:14.069,8.3313,8.33285,1.00,1.00
2017.02.24 11:06:14.376,8.3313,8.3328,1.00,1.00
2017.02.24 11:06:14.975,8.3313,8.33291,1.00,1.00
2017.02.24 11:06:16.537,8.33131,8.33292,1.00,1.00
2017.02.24 11:06:16.698,8.33137,8.33285,1.00,1.00
2017.02.24 11:06:17.778,8.33133,8.33278,1.00,1.00
2017.02.24 11:06:17.981,8.33093,8.33257,1.00,1.00
2017.02.24 11:06:18.233,8.33094,8.33241,1.00,1.00
2017.02.24 11:06:18.335,8.33099,8.33258,1.00,1.00
2017.02.24 11:06:18.386,8.33116,8.33258,1.00,1.00
2017.02.24 11:06:18.514,8.3313,8.33279,1.00,1.00
2017.02.24 11:06:18.897,8.3313,8.33263,1.00,1.00
2017.02.24 11:06:19.263,8.33104,8.33255,1.00,1.00
2017.02.24 11:06:19.314,8.33104,8.33248,1.00,1.00
2017.02.24 11:06:19.567,8.3309,8.33238,1.00,1.00
2017.02.24 11:06:19.718,8.33082,8.33227,1.00,1.00
2017.02.24 11:06:20.064,8.33082,8.33217,1.00,1.00
2017.02.24 11:06:20.166,8.33066,8.33217,1.00,1.00
2017.02.24 11:06:20.216,8.33077,8.33227,1.00,1.00
2017.02.24 11:06:20.267,8.33072,8.33227,1.00,1.00
2017.02.24 11:06:20.369,8.33099,8.33241,1.00,1.00
2017.02.24 11:06:20.672,8.3308,8.33227,1.00,1.00
2017.02.24 11:06:21.240,8.33078,8.33217,1.00,1.00
2017.02.24 11:06:22.554,8.33078,8.3316,1.00,1.00
2017.02.24 11:06:22.605,8.33029,8.33124,1.00,1.00
2017.02.24 11:06:22.656,8.33029,8.33111,1.00,1.00
2017.02.24 11:06:22.707,8.32997,8.33111,1.37,1.00
2017.02.24 11:06:22.758,8.32997,8.33134,1.37,1.00
2017.02.24 11:06:22.808,8.33029,8.33153,1.00,1.50
2017.02.24 11:06:23.024,8.33029,8.33174,1.00,1.00
2017.02.24 11:06:23.335,8.33029,8.33174,1.00,1.37
2017.02.24 11:06:23.570,8.33008,8.33156,1.37,1.00
2017.02.24 11:06:24.051,8.33014,8.33161,1.00,1.00
2017.02.24 11:06:25.428,8.33018,8.33166,1.00,1.00
2017.02.24 11:06:25.613,8.33018,8.33174,1.00,1.37
2017.02.24 11:06:25.664,8.33036,8.33174,1.00,1.37
2017.02.24 11:06:25.867,8.33035,8.33184,1.00,1.00
2017.02.24 11:06:26.203,8.33076,8.33223,1.00,1.75
2017.02.24 11:06:26.409,8.33065,8.33212,1.00,1.75
2017.02.24 11:06:26.461,8.3306,8.33198,1.00,1.37
2017.02.24 11:06:26.752,8.3306,8.33185,1.00,1.00
2017.02.24 11:06:26.803,8.33037,8.33185,1.50,1.00
2017.02.24 11:06:27.069,8.33037,8.33185,1.50,1.37
2017.02.24 11:06:28.407,8.33042,8.3319,1.00,1.37
2017.02.24 11:06:28.710,8.33054,8.33201,1.00,1.75
2017.02.24 11:06:29.461,8.33057,8.33203,1.00,1.75
2017.02.24 11:06:29.562,8.33057,8.33203,1.00,1.75
2017.02.24 11:06:31.184,8.3304,8.33204,1.00,2.25
2017.02.24 11:06:31.285,8.33037,8.33182,1.00,1.00
2017.02.24 11:06:31.588,8.33037,8.33172,1.00,1.00
2017.02.24 11:06:32.208,8.33037,8.33178,1.00,1.00
2017.02.24 11:06:32.814,8.33037,8.33178,1.00,1.37
2017.02.24 11:06:32.916,8.33046,8.33192,1.00,1.75
2017.02.24 11:06:33.265,8.3306,8.33192,1.00,1.75
2017.02.24 11:06:34.049,8.3306,8.33187,1.00,1.00
2017.02.24 11:06:34.878,8.3306,8.33188,1.00,1.00
2017.02.24 11:06:35.022,8.3306,8.33184,1.00,1.00
2017.02.24 11:06:35.813,8.3306,8.33192,1.00,1.00
2017.02.24 11:06:36.288,8.3306,8.33185,1.00,1.00
2017.02.24 11:06:36.592,8.33018,8.33161,1.00,1.00
2017.02.24 11:06:36.693,8.3303,8.33178,1.00,1.00
2017.02.24 11:06:36.744,8.33018,8.33159,1.00,1.00
2017.02.24 11:06:36.914,8.3303,8.33177,1.00,1.00
2017.02.24 11:06:37.795,8.3303,8.33178,1.00,1.00
2017.02.24 11:06:38.055,8.33039,8.33186,1.00,1.00
2017.02.24 11:06:38.506,8.33047,8.33187,1.00,1.00
2017.02.24 11:06:38.837,8.33047,8.33181,1.00,1.00
2017.02.24 11:06:39.079,8.33047,8.33185,1.00,1.00
2017.02.24 11:06:40.079,8.33047,8.33173,1.00,1.00
2017.02.24 11:06:41.070,8.33047,8.33169,1.00,1.00
2017.02.24 11:06:41.626,8.33047,8.33168,1.00,1.00
2017.02.24 11:06:42.248,8.33047,8.33179,1.00,1.00
2017.02.24 11:06:42.350,8.33033,8.33179,1.00,1.00
2017.02.24 11:06:43.069,8.3304,8.33188,1.00,1.00
2017.02.24 11:06:43.300,8.33044,8.33191,1.00,1.00
2017.02.24 11:06:43.402,8.33039,8.33187,1.00,1.00
2017.02.24 11:06:43.667,8.33052,8.33191,1.00,1.00
2017.02.24 11:06:43.819,8.33055,8.33199,1.00,1.00
2017.02.24 11:06:44.237,8.33055,8.3319,1.00,1.00
2017.02.24 11:06:44.541,8.33031,8.33178,1.00,1.00
2017.02.24 11:06:44.787,8.33031,8.33155,1.00,1.00
2017.02.24 11:06:45.012,8.33009,8.33155,1.00,1.00
2017.02.24 11:06:45.113,8.3302,8.33168,1.00,1.50
2017.02.24 11:06:46.341,8.33021,8.33168,1.00,1.00
2017.02.24 11:06:46.482,8.33021,8.33153,1.00,1.00
2017.02.24 11:06:46.788,8.32984,8.33123,1.00,1.00
2017.02.24 11:06:46.840,8.32991,8.33132,1.00,1.00
2017.02.24 11:06:47.334,8.32991,8.33135,1.00,1.00
2017.02.24 11:06:47.791,8.32991,8.33126,1.00,1.00
2017.02.24 11:06:47.892,8.32991,8.33133,1.00,1.00
2017.02.24 11:06:48.862,8.32994,8.3314,1.00,1.00
2017.02.24 11:06:48.964,8.32998,8.33146,1.00,1.00
2017.02.24 11:06:49.116,8.33,8.33148,1.00,1.00
2017.02.24 11:06:49.707,8.33003,8.33157,1.00,1.00
2017.02.24 11:06:49.758,8.33045,8.33159,1.00,1.00
2017.02.24 11:06:49.961,8.33054,8.33176,1.00,1.00
2017.02.24 11:06:50.200,8.33022,8.33164,1.00,1.00
2017.02.24 11:06:50.302,8.33022,8.33164,1.00,1.75
2017.02.24 11:06:50.606,8.33022,8.33104,1.00,1.00
2017.02.24 11:06:50.656,8.32992,8.33104,1.00,1.00
2017.02.24 11:06:50.758,8.3297,8.33093,1.00,1.00
2017.02.24 11:06:50.961,8.32947,8.33093,1.00,1.00
2017.02.24 11:06:51.265,8.32947,8.33073,1.00,1.00
2017.02.24 11:06:51.469,8.32926,8.33073,1.50,1.00
2017.02.24 11:06:51.571,8.32926,8.33067,1.00,1.00
2017.02.24 11:06:51.911,8.32926,8.33055,1.00,1.00
2017.02.24 11:06:52.138,8.32903,8.33046,1.00,1.00
2017.02.24 11:06:52.189,8.32903,8.33035,1.00,1.00
2017.02.24 11:06:52.625,8.32903,8.33045,1.00,1.00
2017.02.24 11:06:52.676,8.32911,8.33058,1.00,1.00
2017.02.24 11:06:52.735,8.32903,8.33044,1.00,1.00
2017.02.24 11:06:53.220,8.32903,8.33034,1.00,1.00
2017.02.24 11:06:53.372,8.32886,8.33034,1.00,1.00
2017.02.24 11:06:53.499,8.32901,8.33046,1.00,1.50
2017.02.24 11:06:54.121,8.32908,8.33046,1.00,1.00
2017.02.24 11:06:54.618,8.32899,8.33046,1.00,1.50
2017.02.24 11:06:54.719,8.32882,8.33029,1.00,1.00
2017.02.24 11:06:55.636,8.32884,8.33029,1.00,1.00
2017.02.24 11:06:55.762,8.32879,8.33026,1.00,1.00
2017.02.24 11:06:55.813,8.32878,8.33,1.00,1.00
2017.02.24 11:06:56.042,8.32858,8.32984,1.00,1.00
2017.02.24 11:06:56.143,8.32817,8.32964,1.00,1.00
2017.02.24 11:06:56.346,8.32828,8.32964,1.00,1.00
2017.02.24 11:06:56.447,8.32808,8.32961,1.00,1.00
2017.02.24 11:06:56.548,8.32805,8.32961,1.00,1.00
2017.02.24 11:06:56.801,8.32805,8.32949,1.00,1.00
2017.02.24 11:06:57.805,8.32805,8.32946,1.00,1.00
2017.02.24 11:06:58.894,8.32805,8.32913,1.00,1.00
2017.02.24 11:06:58.995,8.32785,8.32902,1.00,1.00
2017.02.24 11:06:59.046,8.32783,8.32931,1.00,1.00
2017.02.24 11:07:00.032,8.32785,8.32933,1.00,1.00
2017.02.24 11:07:00.779,8.32781,8.32928,1.00,1.00
2017.02.24 11:07:01.162,8.32797,8.32927,1.00,1.00
2017.02.24 11:07:01.749,8.32797,8.32938,1.00,1.00
2017.02.24 11:07:02.383,8.32802,8.32949,1.00,1.00
2017.02.24 11:07:04.035,8.32803,8.3295,1.00,1.00
2017.02.24 11:07:05.879,8.32797,8.32927,1.00,1.00
2017.02.24 11:07:05.930,8.32797,8.32932,1.00,1.00
2017.02.24 11:07:06.032,8.32797,8.32921,1.00,1.00
2017.02.24 11:07:06.284,8.32774,8.32921,1.00,1.00
2017.02.24 11:07:06.642,8.3277,8.32901,1.00,1.00
2017.02.24 11:07:07.182,8.32753,8.32901,1.00,1.00
2017.02.24 11:07:08.795,8.32752,8.329,1.00,1.00
2017.02.24 11:07:08.951,8.32752,8.329,1.00,1.37
2017.02.24 11:07:09.431,8.32748,8.32898,1.50,1.37
2017.02.24 11:07:09.737,8.32748,8.32865,1.00,1.00
2017.02.24 11:07:09.888,8.32724,8.32865,1.00,1.00
2017.02.24 11:07:10.332,8.32724,8.32865,1.00,1.37
2017.02.24 11:07:10.666,8.32724,8.32865,1.00,1.00
2017.02.24 11:07:10.717,8.32724,8.32861,1.00,1.00
2017.02.24 11:07:11.552,8.32724,8.32869,1.00,1.00
2017.02.24 11:07:11.603,8.32727,8.32876,1.00,1.00
2017.02.24 11:07:13.116,8.32738,8.32885,1.00,1.00
2017.02.24 11:07:13.539,8.3275,8.32885,1.00,1.00
2017.02.24 11:07:13.966,8.3275,8.32892,1.00,1.00
2017.02.24 11:07:14.017,8.32754,8.32901,1.00,1.00
2017.02.24 11:07:14.532,8.32754,8.32902,1.00,1.00
2017.02.24 11:07:14.649,8.32762,8.32911,1.00,1.00
2017.02.24 11:07:14.700,8.32773,8.32918,1.00,1.00
2017.02.24 11:07:15.002,8.32782,8.32922,1.00,1.00
2017.02.24 11:07:15.215,8.32809,8.32951,1.00,1.00
2017.02.24 11:07:15.670,8.32809,8.32939,1.00,1.00
2017.02.24 11:07:16.678,8.32809,8.32945,1.00,1.00
2017.02.24 11:07:16.729,8.32809,8.32941,1.00,1.00
2017.02.24 11:07:17.726,8.32809,8.32937,1.00,1.00
2017.02.24 11:07:18.444,8.32809,8.32947,1.00,1.00
2017.02.24 11:07:18.891,8.32809,8.32941,1.00,1.00
2017.02.24 11:07:18.994,8.32784,8.32932,1.00,1.00
2017.02.24 11:07:20.446,8.3278,8.32928,1.00,1.00
2017.02.24 11:07:20.750,8.32802,8.32944,1.00,1.00
2017.02.24 11:07:22.080,8.32796,8.32944,1.00,1.50
2017.02.24 11:07:22.182,8.32776,8.32915,1.00,1.00
2017.02.24 11:07:22.435,8.3275,8.32897,1.00,1.50
2017.02.24 11:07:22.536,8.32753,8.32897,1.00,1.00
2017.02.24 11:07:22.638,8.32768,8.32916,1.00,1.00
2017.02.24 11:07:23.657,8.3277,8.32918,1.00,1.00
2017.02.24 11:07:24.034,8.32764,8.32912,1.00,1.00
2017.02.24 11:07:24.608,8.32759,8.32907,1.00,1.00
2017.02.24 11:07:26.007,8.32755,8.329,1.00,1.00
2017.02.24 11:07:26.312,8.32717,8.32865,1.50,1.00
2017.02.24 11:07:26.621,8.32717,8.32853,1.00,1.00
2017.02.24 11:07:30.076,8.32717,8.32842,1.00,1.00
2017.02.24 11:07:30.228,8.32694,8.32833,1.00,1.00
2017.02.24 11:07:30.925,8.32694,8.3282,1.00,1.00
2017.02.24 11:07:31.205,8.32696,8.32844,1.00,1.00
2017.02.24 11:07:31.306,8.32706,8.32852,1.00,1.00
2017.02.24 11:07:31.609,8.32715,8.32852,1.00,1.00
2017.02.24 11:07:32.210,8.32715,8.32846,1.00,1.00
2017.02.24 11:07:32.261,8.327,8.32846,1.00,1.00
2017.02.24 11:07:34.068,8.327,8.32848,1.00,1.00
2017.02.24 11:07:35.045,8.32695,8.32843,1.00,1.00
2017.02.24 11:07:35.346,8.32707,8.32855,1.00,1.00
2017.02.24 11:07:36.055,8.32711,8.32859,1.00,1.00
2017.02.24 11:07:36.384,8.32702,8.3285,1.00,1.00
2017.02.24 11:07:36.703,8.32694,8.32842,1.50,1.00
2017.02.24 11:07:37.399,8.32694,8.32838,1.00,1.00
2017.02.24 11:07:38.919,8.32694,8.32834,1.00,1.00
2017.02.24 11:07:40.219,8.32694,8.32838,1.00,1.00
2017.02.24 11:07:40.664,8.32694,8.32832,1.00,1.00
2017.02.24 11:07:41.213,8.32694,8.32837,1.00,1.00
2017.02.24 11:07:45.089,8.32694,8.32826,1.00,1.00
2017.02.24 11:07:45.387,8.32681,8.32826,1.00,1.00
2017.02.24 11:07:45.682,8.32676,8.32821,1.00,1.00
2017.02.24 11:07:46.109,8.3268,8.32828,1.00,1.00
2017.02.24 11:07:46.261,8.3269,8.32835,1.00,1.00
2017.02.24 11:07:46.363,8.32713,8.3286,1.00,1.00
2017.02.24 11:07:47.302,8.32707,8.32854,1.00,1.00
2017.02.24 11:07:49.125,8.32705,8.32853,1.00,1.00
2017.02.24 11:07:49.560,8.327,8.32848,1.00,1.00
2017.02.24 11:07:49.935,8.32679,8.32827,1.00,1.00
2017.02.24 11:07:50.537,8.32675,8.32821,1.50,1.00
2017.02.24 11:07:52.169,8.32701,8.32843,1.00,1.00
2017.02.24 11:07:52.371,8.32707,8.32854,1.00,1.00
2017.02.24 11:07:53.236,8.3271,8.32857,1.00,1.00
2017.02.24 11:07:54.231,8.32718,8.32863,1.00,1.00
2017.02.24 11:07:54.805,8.32732,8.32866,1.00,1.00
2017.02.24 11:07:54.957,8.32722,8.32866,1.00,1.00
2017.02.24 11:07:55.008,8.32733,8.3287,1.00,1.00
2017.02.24 11:07:55.219,8.32711,8.32858,1.00,1.00
2017.02.24 11:07:55.497,8.3272,8.32867,1.00,1.00
2017.02.24 11:07:56.590,8.32718,8.32864,1.00,1.00
2017.02.24 11:07:57.700,8.3271,8.32844,1.00,1.00
2017.02.24 11:07:57.801,8.32686,8.32833,1.00,1.00
2017.02.24 11:07:58.319,8.32686,8.32821,1.00,1.00
2017.02.24 11:07:58.521,8.32654,8.32794,1.00,1.00
2017.02.24 11:07:58.623,8.32646,8.32794,1.00,1.00
2017.02.24 11:07:59.024,8.3265,8.32798,1.00,1.00
2017.02.24 11:07:59.226,8.3266,8.32813,1.00,1.00
2017.02.24 11:07:59.328,8.32671,8.32819,1.00,1.00
2017.02.24 11:07:59.675,8.32682,8.32819,1.00,1.00
2017.02.24 11:08:00.894,8.32683,8.32819,1.00,1.00
2017.02.24 11:08:00.945,8.32671,8.32819,1.00,1.00
2017.02.24 11:08:00.996,8.3266,8.32813,1.00,1.00
2017.02.24 11:08:01.097,8.32662,8.32815,1.00,1.00
2017.02.24 11:08:01.403,8.32662,8.32792,1.00,1.34
2017.02.24 11:08:01.505,8.32662,8.32815,1.00,1.00
2017.02.24 11:08:01.555,8.32662,8.32791,1.00,1.38
2017.02.24 11:08:01.707,8.32662,8.32815,1.00,1.80
2017.02.24 11:08:01.758,8.32662,8.32792,1.00,1.08
2017.02.24 11:08:01.809,8.32662,8.32815,1.00,1.00
2017.02.24 11:08:01.911,8.32662,8.3281,1.00,1.00
2017.02.24 11:08:02.215,8.32643,8.32788,1.00,1.00
2017.02.24 11:08:02.619,8.32642,8.32758,1.00,1.18
2017.02.24 11:08:02.873,8.32658,8.32803,1.00,1.00
2017.02.24 11:08:03.280,8.32664,8.32811,1.00,1.00
2017.02.24 11:08:03.660,8.32669,8.32816,1.00,1.00
2017.02.24 11:08:04.023,8.32669,8.32821,1.00,1.00
2017.02.24 11:08:04.235,8.3266,8.32821,1.00,1.00
2017.02.24 11:08:04.811,8.32664,8.32812,1.00,1.00
2017.02.24 11:08:05.116,8.32656,8.32803,1.00,1.00
2017.02.24 11:08:05.764,8.32651,8.32798,1.00,1.00
2017.02.24 11:08:07.123,8.32656,8.32801,1.00,1.00
2017.02.24 11:08:07.452,8.32678,8.32825,1.00,1.00
2017.02.24 11:08:07.503,8.32685,8.32831,1.00,1.00
2017.02.24 11:08:07.760,8.32685,8.32833,1.00,1.00
2017.02.24 11:08:08.511,8.32687,8.32834,1.00,1.00
2017.02.24 11:08:08.845,8.32682,8.32809,1.00,1.00
2017.02.24 11:08:09.128,8.32684,8.32831,1.00,1.00
2017.02.24 11:08:10.784,8.32696,8.32839,1.00,1.00
2017.02.24 11:08:10.987,8.32696,8.32843,1.00,1.00
2017.02.24 11:08:11.038,8.32683,8.3283,1.00,1.00
2017.02.24 11:08:11.792,8.32676,8.32821,1.00,1.00
2017.02.24 11:08:11.948,8.32699,8.32847,1.00,1.00
2017.02.24 11:08:12.209,8.32722,8.32852,1.00,1.00
2017.02.24 11:08:12.362,8.32722,8.3287,1.00,1.00
2017.02.24 11:08:12.876,8.32705,8.32837,1.00,1.00
2017.02.24 11:08:13.079,8.32688,8.32837,1.00,1.00
2017.02.24 11:08:13.130,8.32682,8.32828,1.00,1.00
2017.02.24 11:08:13.503,8.32728,8.3287,1.00,1.00
2017.02.24 11:08:13.906,8.32728,8.32851,1.00,1.00
2017.02.24 11:08:14.249,8.32704,8.32851,1.50,1.00
2017.02.24 11:08:14.559,8.32705,8.32853,1.00,1.00
2017.02.24 11:08:16.614,8.3271,8.32857,1.00,1.00
2017.02.24 11:08:16.918,8.32749,8.32896,1.00,1.50
2017.02.24 11:08:17.020,8.3276,8.32908,1.00,1.00
2017.02.24 11:08:17.121,8.32755,8.32895,1.00,1.00
2017.02.24 11:08:17.505,8.32755,8.32877,1.00,1.00
2017.02.24 11:08:17.607,8.32755,8.32891,1.00,1.00
2017.02.24 11:08:17.866,8.32756,8.32903,1.00,1.00
2017.02.24 11:08:18.335,8.32767,8.32915,1.00,1.00
2017.02.24 11:08:18.478,8.32776,8.32915,1.00,1.00
2017.02.24 11:08:18.986,8.32776,8.32919,1.00,1.00
2017.02.24 11:08:21.212,8.32776,8.32922,1.00,1.00
2017.02.24 11:08:21.263,8.32782,8.3293,1.00,1.00
2017.02.24 11:08:21.314,8.32791,8.32938,1.00,1.00
2017.02.24 11:08:22.248,8.32785,8.32933,1.00,1.00
2017.02.24 11:08:22.350,8.32776,8.32923,1.50,1.00
2017.02.24 11:08:23.322,8.32776,8.32911,1.00,1.00
2017.02.24 11:08:23.850,8.32776,8.32906,1.00,1.00
2017.02.24 11:08:24.002,8.32755,8.32894,1.00,1.00
2017.02.24 11:08:26.693,8.32755,8.32891,1.00,1.00
2017.02.24 11:08:28.550,8.32755,8.3288,1.00,1.00
2017.02.24 11:08:28.702,8.32732,8.32875,1.00,1.00
2017.02.24 11:08:28.803,8.32736,8.32884,1.00,1.00
2017.02.24 11:08:28.955,8.32746,8.32884,1.00,1.00
2017.02.24 11:08:29.126,8.32769,8.32924,1.00,1.00
2017.02.24 11:08:29.177,8.32788,8.32933,1.00,1.00
2017.02.24 11:08:29.329,8.32806,8.32952,1.00,1.00
2017.02.24 11:08:29.752,8.32812,8.3296,1.00,1.00
2017.02.24 11:08:30.117,8.32816,8.32963,1.00,1.00
2017.02.24 11:08:30.435,8.32824,8.32963,1.00,1.00
2017.02.24 11:08:30.537,8.3283,8.32975,1.00,1.00
2017.02.24 11:08:31.287,8.32835,8.32983,1.00,1.00
2017.02.24 11:08:32.102,8.32828,8.32974,1.00,1.00
2017.02.24 11:08:33.103,8.32829,8.32976,1.00,1.00
2017.02.24 11:08:33.426,8.32833,8.32981,1.00,1.00
2017.02.24 11:08:34.165,8.3284,8.32986,1.00,1.00
2017.02.24 11:08:37.038,8.32835,8.32982,1.00,1.00
2017.02.24 11:08:37.993,8.32834,8.32982,1.00,1.00
2017.02.24 11:08:40.745,8.32829,8.32977,1.00,1.00
2017.02.24 11:08:41.534,8.32838,8.32985,1.00,1.00
2017.02.24 11:08:45.698,8.32834,8.32982,1.00,1.00
2017.02.24 11:08:46.153,8.32842,8.3299,1.00,1.00
2017.02.24 11:08:46.457,8.32865,8.32996,1.00,1.00
2017.02.24 11:08:47.360,8.32865,8.33002,1.00,1.00
2017.02.24 11:08:47.998,8.32865,8.33011,1.00,1.00
2017.02.24 11:08:48.049,8.32865,8.33002,1.00,1.00
2017.02.24 11:08:48.973,8.32865,8.32999,1.00,1.00
2017.02.24 11:08:49.096,8.32865,8.33007,1.00,1.00
2017.02.24 11:08:50.095,8.32865,8.33009,1.00,1.00
2017.02.24 11:08:50.196,8.32868,8.33016,1.00,1.00
2017.02.24 11:08:50.247,8.32874,8.33021,1.00,1.00
2017.02.24 11:08:50.550,8.32914,8.33043,1.00,1.00
2017.02.24 11:08:50.719,8.32914,8.33057,1.00,1.00
2017.02.24 11:08:51.495,8.32914,8.33056,1.00,1.00
2017.02.24 11:08:52.495,8.32914,8.33058,1.00,1.00
2017.02.24 11:08:54.372,8.32914,8.33061,1.00,1.00
2017.02.24 11:08:55.381,8.32914,8.33057,1.00,1.00
2017.02.24 11:08:56.609,8.32914,8.33058,1.00,1.00
2017.02.24 11:08:56.659,8.32916,8.33064,1.00,1.00
2017.02.24 11:08:56.710,8.32929,8.33077,1.00,1.00
2017.02.24 11:08:57.014,8.32971,8.33105,1.00,1.00
2017.02.24 11:08:57.320,8.32971,8.33093,1.00,1.00
2017.02.24 11:08:57.498,8.32951,8.33093,1.00,1.00
2017.02.24 11:08:57.549,8.32949,8.33093,1.00,1.00
2017.02.24 11:08:57.757,8.32949,8.33085,1.00,1.00
2017.02.24 11:08:58.858,8.32949,8.33084,1.00,1.00
2017.02.24 11:08:59.060,8.32924,8.33065,1.00,1.00
2017.02.24 11:08:59.111,8.32925,8.33073,1.00,1.00
2017.02.24 11:08:59.876,8.32934,8.3308,1.00,1.00
2017.02.24 11:09:00.776,8.32926,8.33071,1.00,1.00
2017.02.24 11:09:01.080,8.32924,8.33068,1.00,1.00
2017.02.24 11:09:01.764,8.32924,8.33062,1.00,1.00
2017.02.24 11:09:02.117,8.32924,8.3307,1.00,1.00
2017.02.24 11:09:04.225,8.32929,8.33077,1.00,1.00
2017.02.24 11:09:06.136,8.32924,8.33079,1.00,1.00
2017.02.24 11:09:06.237,8.32924,8.33046,1.00,1.00
2017.02.24 11:09:06.288,8.32898,8.33046,1.00,1.00
2017.02.24 11:09:07.008,8.32895,8.3303,1.00,1.00
2017.02.24 11:09:07.418,8.32895,8.33036,1.00,1.00
2017.02.24 11:09:07.469,8.3291,8.33057,1.00,1.00
2017.02.24 11:09:07.520,8.32899,8.33046,1.00,1.00
2017.02.24 11:09:07.571,8.32911,8.33059,1.00,1.00
2017.02.24 11:09:07.622,8.32919,8.33059,1.00,1.00
2017.02.24 11:09:07.925,8.32895,8.33031,1.00,1.00
2017.02.24 11:09:08.208,8.32903,8.33049,1.00,1.00
2017.02.24 11:09:08.445,8.32926,8.33049,1.00,1.00
2017.02.24 11:09:08.597,8.32906,8.33049,1.00,1.00
2017.02.24 11:09:08.767,8.32906,8.33045,1.00,1.00
2017.02.24 11:09:11.051,8.32906,8.33041,1.00,1.00
2017.02.24 11:09:11.428,8.32893,8.33041,1.00,1.00
2017.02.24 11:09:12.005,8.32892,8.3304,1.00,1.00
2017.02.24 11:09:12.987,8.32887,8.33035,1.00,1.00
2017.02.24 11:09:13.289,8.32874,8.33018,1.00,1.00
2017.02.24 11:09:13.516,8.32874,8.33042,1.00,1.00
2017.02.24 11:09:13.567,8.3292,8.33042,1.00,1.00
2017.02.24 11:09:13.839,8.32953,8.33093,1.00,1.00
2017.02.24 11:09:13.890,8.32944,8.3309,1.50,1.00
2017.02.24 11:09:14.547,8.32957,8.33105,1.00,1.00
2017.02.24 11:09:14.597,8.32972,8.33111,1.00,1.00
2017.02.24 11:09:14.749,8.32972,8.33118,1.00,1.00
2017.02.24 11:09:14.906,8.32967,8.33128,1.00,1.00
2017.02.24 11:09:15.873,8.32967,8.33114,1.00,1.00
2017.02.24 11:09:15.924,8.3295,8.33115,1.00,1.00
2017.02.24 11:09:15.975,8.32956,8.33104,1.00,1.00
2017.02.24 11:09:16.645,8.32963,8.33116,1.00,1.00
2017.02.24 11:09:16.696,8.32974,8.33116,1.00,1.00
2017.02.24 11:09:17.675,8.32973,8.33116,1.00,1.00
2017.02.24 11:09:19.305,8.32967,8.33115,1.00,1.00
2017.02.24 11:09:20.731,8.32974,8.33115,1.00,1.00
2017.02.24 11:09:22.031,8.32974,8.33142,1.00,1.00
2017.02.24 11:09:22.082,8.32998,8.33142,1.00,1.00
2017.02.24 11:09:22.185,8.3299,8.33138,1.00,1.00
2017.02.24 11:09:22.236,8.33006,8.33152,1.00,1.00
2017.02.24 11:09:22.604,8.33006,8.3314,1.00,1.00
2017.02.24 11:09:23.071,8.33006,8.33151,1.00,1.00
2017.02.24 11:09:23.450,8.33008,8.33156,1.00,1.00
2017.02.24 11:09:23.746,8.3302,8.33168,1.00,1.00
2017.02.24 11:09:24.050,8.33025,8.33168,1.00,1.00
2017.02.24 11:09:24.441,8.33025,8.33173,1.50,1.00
2017.02.24 11:09:25.104,8.33029,8.33177,1.00,1.00
2017.02.24 11:09:25.775,8.33025,8.33173,1.50,1.00
2017.02.24 11:09:27.100,8.33013,8.33161,1.00,1.00
2017.02.24 11:09:27.716,8.33001,8.33165,1.00,1.00
2017.02.24 11:09:28.053,8.33014,8.33162,1.00,1.00
2017.02.24 11:09:29.984,8.33023,8.33162,1.00,1.00
2017.02.24 11:09:30.381,8.33025,8.33173,1.00,1.00
2017.02.24 11:09:31.720,8.3303,8.33178,1.00,1.00
2017.02.24 11:09:32.047,8.33023,8.33159,1.00,1.00
2017.02.24 11:09:33.050,8.33023,8.33153,1.00,1.00
2017.02.24 11:09:34.308,8.33023,8.33162,1.00,1.00
2017.02.24 11:09:35.332,8.33023,8.33164,1.00,1.00
2017.02.24 11:09:35.434,8.33023,8.33157,1.00,1.00
2017.02.24 11:09:35.485,8.33023,8.33162,1.00,1.00
2017.02.24 11:09:35.586,8.33016,8.33162,1.00,1.00
2017.02.24 11:09:35.637,8.33004,8.33151,1.00,1.00
2017.02.24 11:09:36.461,8.33004,8.33146,1.00,1.00
2017.02.24 11:09:37.511,8.33004,8.33172,1.00,1.00
2017.02.24 11:09:37.562,8.33015,8.33163,1.00,1.00
2017.02.24 11:09:37.664,8.33015,8.33172,1.00,1.00
2017.02.24 11:09:37.715,8.33045,8.33172,1.00,1.00
2017.02.24 11:09:37.765,8.33059,8.33203,1.00,1.00
2017.02.24 11:09:37.881,8.33059,8.33227,1.00,1.00
2017.02.24 11:09:37.982,8.33059,8.33204,1.00,1.00
2017.02.24 11:09:38.254,8.33041,8.33189,1.00,1.00
2017.02.24 11:09:38.625,8.33036,8.3318,1.00,1.00
2017.02.24 11:09:39.130,8.33036,8.33181,1.00,1.00
2017.02.24 11:09:40.082,8.33038,8.33184,1.00,1.00
2017.02.24 11:09:41.153,8.33039,8.33187,1.00,1.00
2017.02.24 11:09:41.304,8.33039,8.33203,1.00,1.50
2017.02.24 11:09:41.355,8.33066,8.33203,1.00,1.00
2017.02.24 11:09:41.507,8.3308,8.33223,1.00,1.00
2017.02.24 11:09:42.365,8.33072,8.3322,1.00,1.00
2017.02.24 11:09:44.212,8.33065,8.33214,1.00,1.00
2017.02.24 11:09:44.264,8.33047,8.33186,1.00,1.00
2017.02.24 11:09:44.365,8.33023,8.33172,1.00,1.00
2017.02.24 11:09:45.317,8.33021,8.3317,1.00,1.00
2017.02.24 11:09:46.360,8.33026,8.33173,1.00,1.00
2017.02.24 11:09:46.574,8.33011,8.33159,1.00,1.00
2017.02.24 11:09:47.301,8.32991,8.33131,1.00,1.00
2017.02.24 11:09:47.402,8.32982,8.33131,1.00,1.00
2017.02.24 11:09:47.762,8.32967,8.33131,1.37,1.00
2017.02.24 11:09:48.360,8.32984,8.33135,1.00,1.00
2017.02.24 11:09:48.674,8.33003,8.33135,1.00,1.00
2017.02.24 11:09:48.877,8.33031,8.33182,1.00,1.00
2017.02.24 11:09:49.044,8.3301,8.33178,1.87,1.00
2017.02.24 11:09:49.506,8.33023,8.33171,1.00,1.00
2017.02.24 11:09:49.809,8.3297,8.33134,1.00,1.50
2017.02.24 11:09:50.333,8.32985,8.33133,1.00,1.00
2017.02.24 11:09:51.257,8.32984,8.33132,1.00,1.00
2017.02.24 11:09:52.239,8.32995,8.33134,1.00,1.00
2017.02.24 11:09:52.340,8.32991,8.33134,1.00,1.00
2017.02.24 11:09:52.392,8.33008,8.33139,1.00,1.00
2017.02.24 11:09:52.494,8.32991,8.33139,1.00,1.00
2017.02.24 11:09:52.545,8.33002,8.3315,1.00,1.00
2017.02.24 11:09:52.893,8.32985,8.33123,1.00,1.00
2017.02.24 11:09:53.243,8.32985,8.33136,1.00,1.00
2017.02.24 11:09:54.520,8.32985,8.33137,1.00,1.00
2017.02.24 11:09:55.965,8.32985,8.33124,1.00,1.00
2017.02.24 11:09:56.243,8.32952,8.33111,1.00,1.00
2017.02.24 11:09:56.296,8.32946,8.33113,1.00,1.00
2017.02.24 11:09:56.725,8.32951,8.33098,1.00,1.00
2017.02.24 11:09:57.030,8.32941,8.33087,1.00,1.00
2017.02.24 11:09:57.812,8.32946,8.3309,1.00,1.00
2017.02.24 11:09:59.422,8.32941,8.33089,1.00,1.00
2017.02.24 11:10:00.157,8.32934,8.33082,1.00,1.00
2017.02.24 11:10:00.791,8.32928,8.33074,1.00,1.00
2017.02.24 11:10:01.094,8.32922,8.3304,1.00,1.00
2017.02.24 11:10:01.396,8.32882,8.33004,1.00,1.00
2017.02.24 11:10:01.498,8.32882,8.32991,1.00,1.00
2017.02.24 11:10:01.549,8.32845,8.32991,1.75,1.00
2017.02.24 11:10:01.865,8.32861,8.33009,1.37,1.00
2017.02.24 11:10:01.916,8.3288,8.33013,1.00,1.00
2017.02.24 11:10:02.018,8.3288,8.33026,1.00,1.00
2017.02.24 11:10:02.406,8.3289,8.33038,1.00,1.00
2017.02.24 11:10:04.344,8.32888,8.33036,1.00,1.00
2017.02.24 11:10:05.102,8.32851,8.32998,1.00,1.00
2017.02.24 11:10:05.400,8.32869,8.33017,1.00,1.00
2017.02.24 11:10:06.042,8.32863,8.33011,1.00,1.00
2017.02.24 11:10:07.048,8.32868,8.33015,1.00,1.00
2017.02.24 11:10:08.854,8.32873,8.33018,1.00,1.00
2017.02.24 11:10:08.955,8.32878,8.33028,1.00,1.00
2017.02.24 11:10:09.549,8.32878,8.33037,1.00,1.00
2017.02.24 11:10:10.129,8.32899,8.33045,1.00,1.00
2017.02.24 11:10:10.408,8.3293,8.33077,1.00,1.00
2017.02.24 11:10:10.611,8.32941,8.33077,1.00,1.00
2017.02.24 11:10:10.662,8.32941,8.33089,1.00,1.00
2017.02.24 11:10:10.907,8.32932,8.33056,1.00,1.00
2017.02.24 11:10:10.959,8.32912,8.33056,1.00,1.00
2017.02.24 11:10:11.010,8.32927,8.33075,1.00,1.00
2017.02.24 11:10:11.112,8.32939,8.33076,1.00,1.00
2017.02.24 11:10:12.117,8.3294,8.33076,1.00,1.00
2017.02.24 11:10:12.878,8.32934,8.33076,1.00,1.00
2017.02.24 11:10:12.929,8.32934,8.33081,1.00,1.00
2017.02.24 11:10:13.292,8.32938,8.33086,1.00,1.00
2017.02.24 11:10:16.743,8.32941,8.33089,1.00,1.00
2017.02.24 11:10:19.230,8.32962,8.33099,1.00,1.00
2017.02.24 11:10:19.331,8.32962,8.3311,1.00,1.00
2017.02.24 11:10:20.195,8.32965,8.33111,1.00,1.00
2017.02.24 11:10:21.090,8.32975,8.33119,1.00,1.00
2017.02.24 11:10:21.141,8.32976,8.33123,1.00,1.00
2017.02.24 11:10:22.124,8.32979,8.33126,1.00,1.00
2017.02.24 11:10:22.834,8.32993,8.33141,1.00,1.00
2017.02.24 11:10:22.942,8.33005,8.33153,1.00,1.00
2017.02.24 11:10:23.318,8.33015,8.33163,1.00,1.00
2017.02.24 11:10:24.580,8.33019,8.33167,1.00,1.50
2017.02.24 11:10:25.924,8.33024,8.33167,1.00,1.00
2017.02.24 11:10:26.179,8.33015,8.33163,1.00,1.00
2017.02.24 11:10:26.230,8.32999,8.33142,1.00,1.00
2017.02.24 11:10:26.382,8.32984,8.33131,1.00,1.00
2017.02.24 11:10:26.434,8.32996,8.33144,1.00,1.00
2017.02.24 11:10:26.485,8.33021,8.33148,1.00,1.00
2017.02.24 11:10:26.586,8.33021,8.33169,1.00,1.00
2017.02.24 11:10:26.637,8.33006,8.33154,1.00,1.00
2017.02.24 11:10:27.460,8.33012,8.33158,1.00,1.00
2017.02.24 11:10:29.315,8.33005,8.33153,1.00,1.00
2017.02.24 11:10:30.340,8.33003,8.33149,1.00,1.00
2017.02.24 11:10:31.379,8.33003,8.33146,1.00,1.00
2017.02.24 11:10:31.955,8.33022,8.33169,1.00,1.00
2017.02.24 11:10:32.005,8.3303,8.33171,1.00,1.00
2017.02.24 11:10:32.057,8.3303,8.33178,1.00,1.00
2017.02.24 11:10:32.260,8.33026,8.33167,1.00,1.00
2017.02.24 11:10:32.565,8.33026,8.33139,1.00,1.00
2017.02.24 11:10:32.667,8.32996,8.33139,1.00,1.00
2017.02.24 11:10:32.991,8.32996,8.33129,1.00,1.00
2017.02.24 11:10:33.339,8.32973,8.33118,1.00,1.00
2017.02.24 11:10:34.896,8.32996,8.3314,1.00,1.00
2017.02.24 11:10:35.480,8.32996,8.33118,1.00,1.00
2017.02.24 11:10:35.581,8.32969,8.33103,1.00,1.00
2017.02.24 11:10:35.633,8.3297,8.33118,1.00,1.00
2017.02.24 11:10:35.696,8.3297,8.33113,1.00,1.00
2017.02.24 11:10:36.061,8.3297,8.33118,1.00,1.00
2017.02.24 11:10:36.162,8.32986,8.33132,1.00,1.00
2017.02.24 11:10:36.344,8.32974,8.33121,1.00,1.00
2017.02.24 11:10:36.617,8.32993,8.33137,1.00,1.00
2017.02.24 11:10:36.790,8.32981,8.33128,1.00,1.00
2017.02.24 11:10:36.841,8.3297,8.33115,1.00,1.00
2017.02.24 11:10:37.895,8.32969,8.33103,1.00,1.00
2017.02.24 11:10:38.839,8.32969,8.33098,1.00,1.00
2017.02.24 11:10:39.223,8.32969,8.33095,1.00,1.00
2017.02.24 11:10:41.061,8.32969,8.33098,1.00,1.00
2017.02.24 11:10:42.215,8.32933,8.33071,1.00,1.00
2017.02.24 11:10:42.366,8.32933,8.33085,1.00,1.00
2017.02.24 11:10:42.417,8.32949,8.33077,1.00,1.00
2017.02.24 11:10:42.569,8.32979,8.33127,1.00,1.00
2017.02.24 11:10:42.826,8.32983,8.33121,1.00,1.00
2017.02.24 11:10:43.130,8.33016,8.33153,1.00,1.00
2017.02.24 11:10:43.537,8.33066,8.3316,1.00,1.00
2017.02.24 11:10:43.591,8.33066,8.33202,1.00,1.50
2017.02.24 11:10:43.900,8.33086,8.33222,1.00,1.00
2017.02.24 11:10:44.001,8.33086,8.33224,1.00,1.00
2017.02.24 11:10:44.103,8.33097,8.33234,1.00,1.00
2017.02.24 11:10:44.422,8.33108,8.33245,1.00,1.00
2017.02.24 11:10:44.762,8.3313,8.33247,1.00,1.00
2017.02.24 11:10:44.850,8.3313,8.33268,1.00,1.00
2017.02.24 11:10:44.901,8.33141,8.3327,1.00,1.00
2017.02.24 11:10:45.518,8.33153,8.3327,1.00,1.00
2017.02.24 11:10:45.622,8.33153,8.3329,1.00,1.00
2017.02.24 11:10:45.825,8.33161,8.33299,1.00,1.00
2017.02.24 11:10:45.957,8.33172,8.3331,1.00,1.00
2017.02.24 11:10:46.763,8.33177,8.33314,1.00,1.00
2017.02.24 11:10:49.434,8.33173,8.33311,1.00,1.00
2017.02.24 11:10:54.662,8.33176,8.33313,1.00,1.00
2017.02.24 11:10:55.436,8.33168,8.33305,1.00,1.00
2017.02.24 11:10:55.815,8.33161,8.33298,1.00,1.00
2017.02.24 11:10:57.954,8.33161,8.33299,1.00,1.00
2017.02.24 11:10:58.588,8.33153,8.3329,1.00,1.00
2017.02.24 11:10:58.740,8.33161,8.33299,1.00,1.00
2017.02.24 11:10:59.809,8.33156,8.33294,1.00,1.00
2017.02.24 11:11:00.198,8.33153,8.33288,1.00,1.00
2017.02.24 11:11:00.551,8.33153,8.33281,1.00,1.00
2017.02.24 11:11:00.602,8.33155,8.33293,1.00,1.00
2017.02.24 11:11:01.616,8.33153,8.33268,1.00,1.00
2017.02.24 11:11:01.717,8.33129,8.33267,1.00,1.00
2017.02.24 11:11:02.615,8.3314,8.33278,1.00,1.00
2017.02.24 11:11:04.495,8.33137,8.33273,1.00,1.00
2017.02.24 11:11:04.857,8.33127,8.33253,1.00,1.00
2017.02.24 11:11:05.010,8.33117,8.33255,1.00,1.00
2017.02.24 11:11:06.005,8.33125,8.33263,1.00,1.00
2017.02.24 11:11:06.309,8.33111,8.33249,1.00,1.00
2017.02.24 11:11:07.150,8.33119,8.33255,1.00,1.00
2017.02.24 11:11:07.201,8.3311,8.33248,1.00,1.00
2017.02.24 11:11:08.326,8.33116,8.33254,1.00,1.00
2017.02.24 11:11:09.282,8.33112,8.3325,1.00,1.00
2017.02.24 11:11:10.284,8.33111,8.33249,1.00,1.00
2017.02.24 11:11:10.587,8.33114,8.3325,1.00,1.00
2017.02.24 11:11:11.984,8.33111,8.33247,1.00,1.00
2017.02.24 11:11:13.956,8.33108,8.33244,1.00,1.00
2017.02.24 11:11:14.897,8.33104,8.33236,1.00,1.00
2017.02.24 11:11:16.396,8.33104,8.33228,1.00,1.00
2017.02.24 11:11:16.582,8.33084,8.33222,1.00,1.00
2017.02.24 11:11:17.284,8.33095,8.33233,1.00,1.00
2017.02.24 11:11:18.111,8.33099,8.33237,1.00,1.00
2017.02.24 11:11:18.515,8.33109,8.33247,1.00,1.00
2017.02.24 11:11:18.881,8.33123,8.33247,1.00,1.00
2017.02.24 11:11:19.186,8.33123,8.33242,1.00,1.00
2017.02.24 11:11:19.388,8.33105,8.33243,1.00,1.00
2017.02.24 11:11:20.125,8.33114,8.3325,1.00,1.00
2017.02.24 11:11:21.767,8.33108,8.33246,1.00,1.00
2017.02.24 11:11:22.390,8.33112,8.3325,1.00,1.00
2017.02.24 11:11:24.445,8.33107,8.33245,1.00,1.00
2017.02.24 11:11:24.817,8.331,8.3322,1.00,1.00
2017.02.24 11:11:25.370,8.331,8.33226,1.00,1.00
2017.02.24 11:11:26.378,8.33111,8.33249,1.00,1.00
2017.02.24 11:11:26.430,8.33126,8.33263,1.00,1.00
2017.02.24 11:11:26.733,8.33139,8.33275,1.00,1.00
2017.02.24 11:11:27.191,8.33123,8.33259,1.00,1.00
2017.02.24 11:11:27.532,8.33129,8.33265,1.00,1.00
2017.02.24 11:11:27.955,8.33123,8.33259,1.00,1.00
2017.02.24 11:11:28.814,8.33123,8.33254,1.00,1.00
2017.02.24 11:11:29.156,8.33124,8.33262,1.00,1.00
2017.02.24 11:11:29.717,8.33143,8.33281,1.00,1.00
2017.02.24 11:11:30.021,8.33155,8.33289,1.00,1.00
2017.02.24 11:11:30.324,8.33159,8.33297,1.00,1.00
2017.02.24 11:11:31.285,8.33156,8.33293,1.00,1.00
2017.02.24 11:11:32.128,8.33155,8.33281,1.00,1.00
2017.02.24 11:11:32.381,8.33124,8.33255,1.00,1.00
2017.02.24 11:11:34.524,8.33124,8.33253,1.00,1.00
2017.02.24 11:11:34.914,8.33124,8.33248,1.00,1.00
2017.02.24 11:11:35.905,8.33124,8.33245,1.00,1.00
2017.02.24 11:11:38.345,8.33124,8.33227,1.00,1.00
2017.02.24 11:11:38.396,8.33092,8.33227,1.00,1.00
2017.02.24 11:11:39.269,8.33092,8.33222,1.00,1.00
2017.02.24 11:11:39.802,8.33092,8.33214,1.00,1.00
2017.02.24 11:11:43.051,8.33092,8.33209,1.00,1.00
2017.02.24 11:11:43.103,8.33066,8.33214,1.00,1.00
2017.02.24 11:11:44.062,8.33066,8.33222,1.00,1.00
2017.02.24 11:11:45.011,8.33066,8.33216,1.00,1.00
2017.02.24 11:11:45.741,8.33066,8.33225,1.00,1.00
2017.02.24 11:11:49.520,8.33066,8.33221,1.00,1.00
2017.02.24 11:11:49.672,8.33066,8.33228,1.00,1.00
2017.02.24 11:11:49.733,8.33072,8.33233,1.00,1.00
2017.02.24 11:11:50.056,8.33105,8.33248,1.00,1.00
2017.02.24 11:11:50.657,8.33105,8.33259,1.00,1.00
2017.02.24 11:11:51.663,8.33106,8.33273,1.00,1.50
2017.02.24 11:11:51.719,8.33112,8.33273,1.00,1.00
2017.02.24 11:11:52.023,8.33105,8.33243,1.50,1.00
2017.02.24 11:11:52.829,8.33105,8.33235,1.00,1.00
2017.02.24 11:11:53.100,8.33105,8.3324,1.00,1.00
2017.02.24 11:11:54.736,8.33106,8.33243,1.00,1.00
2017.02.24 11:11:56.846,8.33105,8.33236,1.00,1.00
2017.02.24 11:11:56.990,8.33094,8.33232,1.00,1.00
2017.02.24 11:11:57.857,8.33092,8.33229,1.00,1.00
2017.02.24 11:11:59.250,8.33095,8.33232,1.00,1.00
2017.02.24 11:12:00.268,8.33097,8.33233,1.00,1.00
2017.02.24 11:12:00.639,8.33092,8.33229,1.00,1.00
2017.02.24 11:12:00.790,8.33099,8.33237,1.00,1.00
2017.02.24 11:12:03.419,8.33103,8.33241,1.00,1.00
2017.02.24 11:12:04.285,8.33116,8.33247,1.00,1.00
2017.02.24 11:12:04.340,8.33116,8.33252,1.00,1.00
2017.02.24 11:12:05.260,8.33115,8.33252,1.00,1.00
2017.02.24 11:12:05.629,8.33109,8.33264,1.00,1.00
2017.02.24 11:12:08.064,8.33106,8.33264,1.00,1.00
2017.02.24 11:12:09.204,8.33123,8.33264,1.00,1.00
2017.02.24 11:12:09.255,8.33111,8.33267,1.00,1.00
2017.02.24 11:12:09.707,8.3313,8.33267,1.00,1.00
2017.02.24 11:12:11.553,8.3313,8.33275,1.00,1.00
2017.02.24 11:12:11.605,8.3313,8.33282,1.00,1.00
2017.02.24 11:12:11.656,8.33133,8.33291,1.00,1.00
2017.02.24 11:12:11.708,8.33157,8.33296,1.00,1.00
2017.02.24 11:12:12.012,8.33177,8.33289,1.00,1.00
2017.02.24 11:12:12.063,8.33158,8.33289,1.00,1.00
2017.02.24 11:12:12.964,8.33158,8.33293,1.00,1.00
2017.02.24 11:12:14.273,8.33158,8.33288,1.00,1.00
2017.02.24 11:12:15.895,8.33158,8.33299,1.00,1.00
2017.02.24 11:12:15.946,8.33179,8.33315,1.00,1.00
2017.02.24 11:12:16.250,8.33206,8.33315,1.00,1.00
2017.02.24 11:12:16.300,8.33206,8.33362,1.00,1.00
2017.02.24 11:12:16.402,8.33206,8.33373,1.00,1.00
2017.02.24 11:12:17.009,8.33206,8.33344,1.50,1.00
2017.02.24 11:12:18.019,8.33206,8.3334,1.00,1.00
2017.02.24 11:12:18.480,8.33208,8.33344,1.00,1.00
2017.02.24 11:12:18.858,8.33206,8.33338,1.00,1.00
2017.02.24 11:12:19.162,8.33206,8.33329,1.00,1.00
2017.02.24 11:12:19.360,8.33206,8.33344,1.00,1.00
2017.02.24 11:12:19.461,8.33214,8.33371,1.00,1.00
2017.02.24 11:12:19.513,8.33229,8.33363,1.00,1.00
2017.02.24 11:12:20.392,8.33233,8.3337,1.00,1.00
2017.02.24 11:12:20.633,8.33238,8.33376,1.00,1.00
2017.02.24 11:12:21.267,8.33229,8.33393,1.00,1.00
2017.02.24 11:12:21.522,8.33239,8.33394,1.00,1.00
2017.02.24 11:12:21.925,8.33268,8.33406,1.00,1.00
2017.02.24 11:12:24.133,8.33279,8.33417,1.00,1.00
2017.02.24 11:12:25.043,8.33251,8.33389,1.50,1.00
2017.02.24 11:12:25.411,8.33271,8.33409,1.00,1.00
2017.02.24 11:12:26.124,8.33277,8.33413,1.00,1.00
2017.02.24 11:12:26.276,8.33282,8.33419,1.00,1.00
2017.02.24 11:12:26.801,8.33282,8.3342,1.00,1.00
2017.02.24 11:12:26.852,8.33289,8.33427,1.00,1.60
2017.02.24 11:12:27.227,8.33301,8.33438,1.00,1.60
2017.02.24 11:12:27.538,8.33301,8.33438,1.00,1.00
2017.02.24 11:12:28.045,8.333,8.33438,1.00,1.00
2017.02.24 11:12:28.147,8.33295,8.33427,1.00,1.00
2017.02.24 11:12:28.351,8.33295,8.33431,1.00,1.00
2017.02.24 11:12:29.299,8.33295,8.33429,1.00,1.00
2017.02.24 11:12:30.654,8.33295,8.33419,1.00,1.00
2017.02.24 11:12:30.807,8.33281,8.33419,1.00,1.00
2017.02.24 11:12:31.135,8.3327,8.33408,1.00,1.00
2017.02.24 11:12:32.343,8.33271,8.33409,1.00,1.00
2017.02.24 11:12:33.537,8.33277,8.33415,1.00,1.00
2017.02.24 11:12:33.989,8.33287,8.33425,1.00,1.00
2017.02.24 11:12:34.980,8.33285,8.33423,1.00,1.00
2017.02.24 11:12:35.798,8.33295,8.33431,1.00,1.00
2017.02.24 11:12:35.934,8.33295,8.33433,1.00,1.00
2017.02.24 11:12:35.985,8.33321,8.33452,1.00,1.00
2017.02.24 11:12:36.137,8.33322,8.33459,1.00,1.00
2017.02.24 11:12:36.188,8.33343,8.33481,1.00,1.00
2017.02.24 11:12:36.534,8.33359,8.33495,1.00,1.00
2017.02.24 11:12:36.837,8.33378,8.33511,1.00,1.00
2017.02.24 11:12:36.939,8.33389,8.33527,1.00,1.00
2017.02.24 11:12:37.040,8.33401,8.33535,1.00,1.00
2017.02.24 11:12:37.243,8.33401,8.33537,1.00,1.00
2017.02.24 11:12:38.372,8.33394,8.33532,1.00,1.00
2017.02.24 11:12:40.223,8.33404,8.33542,1.00,1.00
2017.02.24 11:12:40.550,8.33422,8.33558,1.00,1.00
2017.02.24 11:12:40.858,8.33416,8.33543,1.00,1.00
2017.02.24 11:12:41.060,8.33405,8.33543,1.00,1.00
2017.02.24 11:12:41.225,8.33392,8.3353,1.00,1.00
2017.02.24 11:12:41.813,8.33386,8.33524,1.00,1.00
2017.02.24 11:12:42.635,8.33388,8.33525,1.00,1.00
2017.02.24 11:12:46.070,8.33393,8.3353,1.00,1.00
2017.02.24 11:12:46.412,8.33399,8.33535,1.00,1.00
2017.02.24 11:12:47.089,8.33402,8.3354,1.00,1.00
2017.02.24 11:12:48.103,8.334,8.33538,1.00,1.00
2017.02.24 11:12:49.180,8.3341,8.33545,1.00,1.00
2017.02.24 11:12:50.229,8.33408,8.33545,1.00,1.50
2017.02.24 11:12:51.220,8.33398,8.33536,1.00,1.00
2017.02.24 11:12:51.271,8.33386,8.33523,1.00,1.00
2017.02.24 11:12:51.494,8.33396,8.33534,1.00,1.00
2017.02.24 11:12:51.545,8.33408,8.33545,1.00,1.00
2017.02.24 11:12:53.609,8.33415,8.33545,1.00,1.00
2017.02.24 11:12:54.879,8.33413,8.33545,1.00,1.00
2017.02.24 11:12:55.290,8.33418,8.33545,1.00,1.00
2017.02.24 11:12:55.646,8.33418,8.33556,1.00,1.00
2017.02.24 11:12:55.907,8.33413,8.33549,1.00,1.00
2017.02.24 11:12:56.224,8.33418,8.33556,1.00,1.00
2017.02.24 11:12:57.240,8.33416,8.33554,1.00,1.00
2017.02.24 11:12:58.210,8.33414,8.33552,1.00,1.00
2017.02.24 11:13:00.897,8.33421,8.33556,1.00,1.00
2017.02.24 11:13:01.231,8.33416,8.33551,1.00,1.00
2017.02.24 11:13:02.132,8.33409,8.33547,1.00,1.00
2017.02.24 11:13:02.234,8.33405,8.33542,1.00,1.00
2017.02.24 11:13:02.540,8.33398,8.33535,1.00,1.00
2017.02.24 11:13:03.281,8.33397,8.33534,1.00,1.00
2017.02.24 11:13:03.662,8.33393,8.33528,1.00,1.00
2017.02.24 11:13:04.058,8.33381,8.33505,1.00,1.00
2017.02.24 11:13:04.109,8.33362,8.335,1.00,1.00
2017.02.24 11:13:04.160,8.33348,8.33486,1.00,1.00
2017.02.24 11:13:06.121,8.33344,8.33481,1.50,1.00
2017.02.24 11:13:06.468,8.33339,8.33475,1.00,1.00
2017.02.24 11:13:07.315,8.33334,8.33471,1.00,1.00
2017.02.24 11:13:09.195,8.33323,8.33485,1.00,1.00
2017.02.24 11:13:09.246,8.33327,8.33485,1.00,1.00
2017.02.24 11:13:09.553,8.33345,8.33511,1.00,1.00
2017.02.24 11:13:10.220,8.33347,8.33511,1.00,1.00
2017.02.24 11:13:10.523,8.33345,8.33507,1.00,1.00
2017.02.24 11:13:11.767,8.33345,8.33485,1.00,1.00
2017.02.24 11:13:11.920,8.33327,8.33485,1.00,1.00
2017.02.24 11:13:12.703,8.33327,8.33481,1.00,1.00
2017.02.24 11:13:13.252,8.33327,8.33487,1.50,1.00
2017.02.24 11:13:13.516,8.33348,8.33487,1.00,1.00
2017.02.24 11:13:14.025,8.33348,8.3348,1.00,1.00
2017.02.24 11:13:14.685,8.33348,8.33485,1.00,1.00
2017.02.24 11:13:15.013,8.33327,8.33465,1.00,1.00
2017.02.24 11:13:15.114,8.33322,8.33454,1.00,1.00
2017.02.24 11:13:15.216,8.33317,8.33454,1.00,1.00
2017.02.24 11:13:15.368,8.33307,8.33443,1.00,1.00
2017.02.24 11:13:15.419,8.33301,8.33452,1.00,1.00
2017.02.24 11:13:15.470,8.33301,8.33409,1.00,1.00
2017.02.24 11:13:15.522,8.33279,8.33397,1.00,1.00
2017.02.24 11:13:15.623,8.33253,8.33379,1.00,1.00
2017.02.24 11:13:15.725,8.33253,8.33352,1.00,1.00
2017.02.24 11:13:15.826,8.33226,8.33352,1.00,1.00
2017.02.24 11:13:15.928,8.33215,8.33352,1.00,1.00
2017.02.24 11:13:16.131,8.33202,8.33331,1.00,1.00
2017.02.24 11:13:16.463,8.33202,8.33311,1.00,1.00
2017.02.24 11:13:16.514,8.33175,8.33303,1.00,1.00
2017.02.24 11:13:16.616,8.33165,8.33303,1.00,1.00
2017.02.24 11:13:16.667,8.33147,8.3328,1.00,1.00
2017.02.24 11:13:16.822,8.33145,8.3328,1.00,1.00
2017.02.24 11:13:17.186,8.33126,8.33263,1.00,1.00
2017.02.24 11:13:17.237,8.33126,8.33246,1.00,1.00
2017.02.24 11:13:17.540,8.33099,8.33184,1.00,1.00
2017.02.24 11:13:17.642,8.33049,8.33184,1.00,1.00
2017.02.24 11:13:18.363,8.33044,8.33175,1.00,1.00
2017.02.24 11:13:18.759,8.33046,8.33181,1.00,1.00
2017.02.24 11:13:18.938,8.33052,8.33189,1.00,1.00
2017.02.24 11:13:18.993,8.33076,8.33212,1.00,1.00
2017.02.24 11:13:19.044,8.33064,8.33202,1.00,1.00
2017.02.24 11:13:19.146,8.33073,8.33177,1.00,1.00
2017.02.24 11:13:19.197,8.33073,8.33192,1.00,1.00
2017.02.24 11:13:19.404,8.33057,8.33182,1.00,1.00
2017.02.24 11:13:19.455,8.33022,8.33159,1.00,1.00
2017.02.24 11:13:19.505,8.33018,8.33152,1.00,1.00
2017.02.24 11:13:19.809,8.33004,8.3314,1.00,1.00
2017.02.24 11:13:20.011,8.33025,8.33158,1.00,1.00
2017.02.24 11:13:20.062,8.33003,8.33141,1.00,1.00
2017.02.24 11:13:20.113,8.33012,8.33141,1.00,1.00
2017.02.24 11:13:20.316,8.33003,8.33141,1.00,1.00
2017.02.24 11:13:20.510,8.33018,8.33154,1.00,1.00
2017.02.24 11:13:20.914,8.33033,8.33164,1.00,1.00
2017.02.24 11:13:21.015,8.33015,8.33151,1.00,1.00
2017.02.24 11:13:21.116,8.33037,8.33158,1.00,1.00
2017.02.24 11:13:21.318,8.33037,8.33174,1.00,1.00
2017.02.24 11:13:21.470,8.33016,8.33152,1.00,1.00
2017.02.24 11:13:21.788,8.33014,8.33151,1.00,1.00
2017.02.24 11:13:22.664,8.33011,8.33149,1.00,1.00
2017.02.24 11:13:22.715,8.33006,8.33144,1.00,1.00
2017.02.24 11:13:23.462,8.32995,8.33133,1.00,1.00
2017.02.24 11:13:24.414,8.32998,8.33135,1.00,1.00
2017.02.24 11:13:24.725,8.32993,8.3313,1.00,1.00
2017.02.24 11:13:24.928,8.32982,8.3312,1.00,1.00
2017.02.24 11:13:25.891,8.32984,8.33122,1.00,1.00
2017.02.24 11:13:26.265,8.32981,8.33116,1.00,1.00
2017.02.24 11:13:28.194,8.32985,8.33123,1.00,1.00
2017.02.24 11:13:28.795,8.3298,8.33117,1.00,1.00
2017.02.24 11:13:29.195,8.32985,8.33122,1.00,1.00
2017.02.24 11:13:29.706,8.32992,8.33129,1.00,1.00
2017.02.24 11:13:30.009,8.33016,8.33153,1.00,1.00
2017.02.24 11:13:30.809,8.33015,8.33153,1.00,1.00
2017.02.24 11:13:31.419,8.33003,8.33135,1.00,1.00
2017.02.24 11:13:31.624,8.33002,8.3314,1.00,1.00
2017.02.24 11:13:31.812,8.33018,8.33155,1.00,1.00
2017.02.24 11:13:32.776,8.33019,8.33157,1.00,1.00
2017.02.24 11:13:33.014,8.33026,8.33164,1.00,1.00
2017.02.24 11:13:33.318,8.33025,8.3316,1.00,1.00
2017.02.24 11:13:34.098,8.33033,8.33171,1.00,1.00
2017.02.24 11:13:34.792,8.33027,8.33163,1.00,1.00
2017.02.24 11:13:35.754,8.33028,8.33166,1.00,1.00
2017.02.24 11:13:37.116,8.33039,8.33176,1.00,1.00
2017.02.24 11:13:37.217,8.33048,8.33186,1.00,1.00
2017.02.24 11:13:37.369,8.33061,8.33191,1.00,1.00
2017.02.24 11:13:38.774,8.33061,8.33196,1.00,1.00
2017.02.24 11:13:39.951,8.33059,8.33194,1.00,1.00
2017.02.24 11:13:40.370,8.33071,8.33208,1.00,1.00
2017.02.24 11:13:41.358,8.33078,8.33215,1.00,1.00
2017.02.24 11:13:42.117,8.33066,8.33204,1.00,1.00
2017.02.24 11:13:42.218,8.33057,8.33195,1.00,1.00
2017.02.24 11:13:42.522,8.33033,8.3317,1.00,1.00
2017.02.24 11:13:42.674,8.33013,8.33151,1.00,1.00
2017.02.24 11:13:42.959,8.32999,8.3313,1.00,1.00
2017.02.24 11:13:43.144,8.32993,8.3313,1.00,1.00
2017.02.24 11:13:43.578,8.33007,8.33142,1.00,1.00
2017.02.24 11:13:43.919,8.33011,8.33143,1.00,1.00
2017.02.24 11:13:44.365,8.33011,8.33164,1.00,1.00
2017.02.24 11:13:44.620,8.33006,8.33164,1.00,1.00
2017.02.24 11:13:44.815,8.33035,8.33164,1.00,1.00
2017.02.24 11:13:44.867,8.33035,8.33184,1.00,1.00
2017.02.24 11:13:44.918,8.33035,8.33192,1.00,1.00
2017.02.24 11:13:45.712,8.33031,8.33187,1.00,1.00
2017.02.24 11:13:46.621,8.33028,8.33181,1.00,1.00
2017.02.24 11:13:47.575,8.33028,8.33183,1.00,1.00
2017.02.24 11:13:49.409,8.33028,8.33179,1.00,1.00
2017.02.24 11:13:49.711,8.33021,8.33171,1.00,1.00
2017.02.24 11:13:50.015,8.33056,8.33171,1.00,1.00
2017.02.24 11:13:50.200,8.33056,8.33203,1.00,1.00
2017.02.24 11:13:50.835,8.33064,8.33203,1.00,1.00
2017.02.24 11:13:51.171,8.33082,8.33203,1.00,1.00
2017.02.24 11:13:51.374,8.33082,8.3323,1.00,1.00
2017.02.24 11:13:52.199,8.33082,8.33239,1.00,1.00
2017.02.24 11:13:52.250,8.33117,8.33239,1.00,1.00
2017.02.24 11:13:52.503,8.33117,8.33263,1.37,1.00
2017.02.24 11:13:52.554,8.33117,8.3327,1.37,1.00
2017.02.24 11:13:52.605,8.33126,8.33294,1.37,1.00
2017.02.24 11:13:52.774,8.33154,8.33303,1.00,1.00
2017.02.24 11:13:53.027,8.33154,8.33308,1.00,1.00
2017.02.24 11:13:53.230,8.33176,8.33308,1.00,1.00
2017.02.24 11:13:54.289,8.33168,8.33308,1.00,1.00
2017.02.24 11:13:54.382,8.33173,8.33308,1.00,1.00
2017.02.24 11:13:54.433,8.33163,8.33308,1.00,1.00
2017.02.24 11:13:54.907,8.33176,8.33308,1.00,1.00
2017.02.24 11:13:57.103,8.3317,8.33308,1.00,1.50
2017.02.24 11:13:58.078,8.33169,8.33307,1.00,1.00
2017.02.24 11:14:00.122,8.33179,8.33308,1.00,1.00
2017.02.24 11:14:02.614,8.33182,8.33308,1.00,1.00
2017.02.24 11:14:03.502,8.33183,8.33308,1.00,1.00
2017.02.24 11:14:04.830,8.33188,8.33308,1.00,1.00
2017.02.24 11:14:05.173,8.3318,8.33308,1.00,1.00
2017.02.24 11:14:05.326,8.33163,8.33299,1.00,1.00
2017.02.24 11:14:05.825,8.33169,8.33306,1.00,1.00
2017.02.24 11:14:06.235,8.33161,8.33298,1.00,1.00
2017.02.24 11:14:06.552,8.33135,8.33274,1.00,1.00
2017.02.24 11:14:06.855,8.33126,8.33262,1.00,1.00
2017.02.24 11:14:07.158,8.33144,8.3328,1.00,1.00
2017.02.24 11:14:07.517,8.33154,8.3328,1.00,1.00
2017.02.24 11:14:08.116,8.3316,8.3328,1.00,1.00
2017.02.24 11:14:08.167,8.33151,8.3328,1.00,1.00
2017.02.24 11:14:08.218,8.33151,8.33288,1.00,1.00
2017.02.24 11:14:08.269,8.33135,8.3327,1.00,1.00
2017.02.24 11:14:08.586,8.33132,8.33263,1.00,1.00
2017.02.24 11:14:08.687,8.33119,8.33256,1.00,1.00
2017.02.24 11:14:09.465,8.3311,8.33248,1.00,1.00
2017.02.24 11:14:09.516,8.33095,8.33228,1.00,1.00
2017.02.24 11:14:09.618,8.33101,8.33238,1.00,1.00
2017.02.24 11:14:09.669,8.33095,8.33226,1.00,1.00
2017.02.24 11:14:09.720,8.33088,8.33226,1.00,1.00
2017.02.24 11:14:09.821,8.33102,8.33231,1.00,1.00
2017.02.24 11:14:10.124,8.33102,8.3324,1.00,1.00
2017.02.24 11:14:10.814,8.33109,8.33246,1.00,1.00
2017.02.24 11:14:12.216,8.33106,8.33244,1.00,1.00
2017.02.24 11:14:13.218,8.33107,8.33245,1.00,1.00
2017.02.24 11:14:14.256,8.33104,8.3324,1.00,1.00
2017.02.24 11:14:14.489,8.33108,8.33245,1.00,1.00
2017.02.24 11:14:14.590,8.33115,8.33251,1.00,1.50
2017.02.24 11:14:15.499,8.33109,8.33247,1.00,1.00
2017.02.24 11:14:16.091,8.33119,8.33251,1.00,1.00
2017.02.24 11:14:16.550,8.33126,8.33251,1.00,1.00
2017.02.24 11:14:17.515,8.33125,8.33251,1.00,1.00
2017.02.24 11:14:18.414,8.33137,8.33251,1.00,1.00
2017.02.24 11:14:18.515,8.33128,8.33251,1.00,1.00
2017.02.24 11:14:19.030,8.33156,8.33251,1.00,1.00
2017.02.24 11:14:19.103,8.33156,8.33283,1.00,1.00
2017.02.24 11:14:19.646,8.33156,8.33294,1.00,1.00
2017.02.24 11:14:19.904,8.33167,8.33304,1.00,1.00
2017.02.24 11:14:22.271,8.33167,8.33304,1.37,1.00
2017.02.24 11:14:22.322,8.3319,8.33321,1.00,1.00
2017.02.24 11:14:22.525,8.33224,8.33357,1.00,1.00
2017.02.24 11:14:23.181,8.3321,8.33345,1.00,1.00
2017.02.24 11:14:23.501,8.33213,8.33351,1.00,1.00
2017.02.24 11:14:23.553,8.33202,8.3334,1.00,1.00
2017.02.24 11:14:24.056,8.33196,8.33334,1.00,1.00
2017.02.24 11:14:24.870,8.33204,8.33342,1.00,1.00
2017.02.24 11:14:25.114,8.33217,8.33357,1.00,1.50
2017.02.24 11:14:25.165,8.33233,8.33357,1.00,1.00
2017.02.24 11:14:25.266,8.33221,8.33361,1.00,1.00
2017.02.24 11:14:25.468,8.33208,8.33347,1.00,1.00
2017.02.24 11:14:25.780,8.33225,8.3336,1.00,1.00
2017.02.24 11:14:25.831,8.33225,8.33364,1.00,1.00
2017.02.24 11:14:26.364,8.33191,8.33341,1.00,1.00
2017.02.24 11:14:26.415,8.33196,8.33336,1.00,1.00
2017.02.24 11:14:27.030,8.33213,8.33351,1.00,1.00
2017.02.24 11:14:27.997,8.33214,8.33351,1.00,1.00
2017.02.24 11:14:29.095,8.33217,8.33351,1.00,1.00
2017.02.24 11:14:30.074,8.33218,8.33351,1.00,1.00
2017.02.24 11:14:32.525,8.33219,8.33351,1.00,1.00
2017.02.24 11:14:33.020,8.3323,8.33351,1.00,1.00
2017.02.24 11:14:33.967,8.3323,8.3337,1.00,1.00
2017.02.24 11:14:34.017,8.33242,8.3338,1.00,1.50
2017.02.24 11:14:34.679,8.33227,8.33367,1.00,1.00
2017.02.24 11:14:34.837,8.33262,8.3338,1.00,1.00
2017.02.24 11:14:35.089,8.33262,8.33402,1.00,1.00
2017.02.24 11:14:35.192,8.33277,8.33415,1.00,1.00
2017.02.24 11:14:35.826,8.3327,8.33408,1.00,1.00
2017.02.24 11:14:36.227,8.33263,8.33402,1.00,1.00
2017.02.24 11:14:36.626,8.33284,8.33423,1.00,1.00
2017.02.24 11:14:37.031,8.3327,8.33409,1.00,1.00
2017.02.24 11:14:37.132,8.33262,8.33402,1.00,1.00
2017.02.24 11:14:38.058,8.33253,8.33393,1.00,1.00
2017.02.24 11:14:38.368,8.33248,8.33388,1.00,1.00
2017.02.24 11:14:38.701,8.33238,8.33378,1.00,1.00
2017.02.24 11:14:39.047,8.33235,8.33367,1.00,1.00
2017.02.24 11:14:39.455,8.33228,8.33367,1.00,1.00
2017.02.24 11:14:39.903,8.33225,8.33365,1.00,1.00
2017.02.24 11:14:40.010,8.3322,8.33359,1.00,1.00
2017.02.24 11:14:40.315,8.33237,8.33371,1.00,1.00
2017.02.24 11:14:41.011,8.3323,8.3337,1.00,1.00
2017.02.24 11:14:42.013,8.33226,8.33366,1.00,1.00
2017.02.24 11:14:42.852,8.33226,8.33363,1.00,1.00
2017.02.24 11:14:43.838,8.33222,8.33362,1.00,1.00
2017.02.24 11:14:43.953,8.33216,8.33357,1.00,1.00
2017.02.24 11:14:44.357,8.33223,8.33364,1.00,1.00
2017.02.24 11:14:45.373,8.33224,8.33364,1.00,1.00
2017.02.24 11:14:45.999,8.33211,8.33351,1.00,1.00
2017.02.24 11:14:46.303,8.3322,8.33353,1.00,1.00
2017.02.24 11:14:46.355,8.3321,8.3335,1.00,1.00
2017.02.24 11:14:46.508,8.33219,8.33353,1.00,1.00
2017.02.24 11:14:47.263,8.3323,8.33353,1.00,1.00
2017.02.24 11:14:47.314,8.3323,8.3337,1.00,1.00
2017.02.24 11:14:48.876,8.33237,8.33377,1.00,1.00
2017.02.24 11:14:49.302,8.33232,8.33372,1.00,1.00
2017.02.24 11:14:49.565,8.33235,8.33376,1.00,1.00
2017.02.24 11:14:50.545,8.33233,8.33373,1.00,1.00
2017.02.24 11:14:51.048,8.33234,8.33374,1.00,1.00
2017.02.24 11:14:51.860,8.33229,8.33367,1.00,1.00
2017.02.24 11:14:51.961,8.33219,8.33359,1.00,1.00
2017.02.24 11:14:52.063,8.3323,8.33369,1.00,1.00
2017.02.24 11:14:52.652,8.3323,8.33357,1.00,1.00
2017.02.24 11:14:53.675,8.33242,8.33357,1.00,1.00
2017.02.24 11:14:53.776,8.3325,8.33383,1.00,1.00
2017.02.24 11:14:54.382,8.33239,8.33379,1.00,1.00
2017.02.24 11:14:54.745,8.33244,8.33383,1.00,1.00
2017.02.24 11:14:55.085,8.33238,8.33378,1.00,1.00
2017.02.24 11:14:55.644,8.3323,8.3337,1.00,1.00
2017.02.24 11:14:57.429,8.33232,8.33372,1.00,1.00
2017.02.24 11:14:58.019,8.33237,8.33377,1.00,1.00
2017.02.24 11:14:58.323,8.3325,8.33383,1.00,1.00
2017.02.24 11:14:59.026,8.33259,8.33383,1.00,1.00
2017.02.24 11:15:00.475,8.33253,8.33383,1.00,1.00
2017.02.24 11:15:00.526,8.33269,8.33383,1.00,1.00
2017.02.24 11:15:00.627,8.33277,8.33403,1.00,1.00
2017.02.24 11:15:00.678,8.33267,8.33407,1.00,1.00
2017.02.24 11:15:02.586,8.33265,8.33405,1.00,1.00
2017.02.24 11:15:03.588,8.33264,8.33404,1.00,1.00
2017.02.24 11:15:05.095,8.33267,8.33407,1.00,1.00
2017.02.24 11:15:07.891,8.33247,8.33406,1.00,1.00
2017.02.24 11:15:09.548,8.33243,8.33406,1.00,1.00
2017.02.24 11:15:10.125,8.33243,8.33404,1.00,1.00
2017.02.24 11:15:12.460,8.33243,8.334,1.00,1.00
2017.02.24 11:15:12.900,8.33243,8.33409,1.00,1.00
2017.02.24 11:15:12.951,8.33272,8.33409,1.00,1.00
2017.02.24 11:15:13.213,8.3328,8.3343,1.00,1.00
2017.02.24 11:15:13.314,8.3328,8.33448,1.00,1.00
2017.02.24 11:15:13.365,8.333,8.33449,1.00,1.00
2017.02.24 11:15:13.930,8.333,8.33446,1.00,1.00
2017.02.24 11:15:15.067,8.333,8.3344,1.00,1.00
2017.02.24 11:15:15.233,8.333,8.33442,1.00,1.00
2017.02.24 11:15:15.932,8.333,8.33432,1.00,1.00
2017.02.24 11:15:16.034,8.3328,8.33432,1.00,1.00
2017.02.24 11:15:16.085,8.33272,8.33432,1.50,1.00
2017.02.24 11:15:16.987,8.33272,8.33426,1.00,1.00
2017.02.24 11:15:17.288,8.33268,8.33398,1.00,1.00
2017.02.24 11:15:17.439,8.33246,8.33398,1.00,1.00
2017.02.24 11:15:18.285,8.33246,8.33399,1.00,1.00
2017.02.24 11:15:18.638,8.33248,8.33399,1.00,1.00
2017.02.24 11:15:18.858,8.33246,8.33399,1.00,1.00
2017.02.24 11:15:18.909,8.33246,8.33391,1.00,1.00
2017.02.24 11:15:19.212,8.33246,8.33381,1.00,1.00
2017.02.24 11:15:19.265,8.33235,8.33381,1.00,1.00
2017.02.24 11:15:19.417,8.33225,8.33389,1.00,1.00
2017.02.24 11:15:19.569,8.33245,8.33397,1.00,1.00
2017.02.24 11:15:20.006,8.33245,8.33401,1.00,1.00
2017.02.24 11:15:20.260,8.33245,8.33388,1.00,1.00
2017.02.24 11:15:21.804,8.33245,8.33397,1.00,1.00
2017.02.24 11:15:22.268,8.33245,8.33386,1.00,1.00
2017.02.24 11:15:22.747,8.33224,8.33386,1.00,1.00
2017.02.24 11:15:22.798,8.33223,8.3338,1.00,1.00
2017.02.24 11:15:23.062,8.33247,8.33406,1.00,1.00
2017.02.24 11:15:23.422,8.33246,8.33386,1.00,1.00
2017.02.24 11:15:24.086,8.33246,8.33405,1.00,1.00
2017.02.24 11:15:24.338,8.33246,8.33395,1.00,1.00
2017.02.24 11:15:24.860,8.33246,8.33395,1.00,1.00
2017.02.24 11:15:25.207,8.33246,8.33378,1.00,1.00
2017.02.24 11:15:25.258,8.33222,8.33378,1.50,1.00
2017.02.24 11:15:25.622,8.33222,8.33371,1.50,1.00
2017.02.24 11:15:26.588,8.33222,8.33367,1.00,1.00
2017.02.24 11:15:28.138,8.33222,8.33368,1.50,1.00
2017.02.24 11:15:29.125,8.33222,8.33372,1.50,1.00
2017.02.24 11:15:30.127,8.33222,8.33368,1.50,1.00
2017.02.24 11:15:30.833,8.33222,8.3336,1.00,1.00
2017.02.24 11:15:30.884,8.33202,8.3336,1.00,1.00
2017.02.24 11:15:30.935,8.33197,8.3336,1.50,1.00
2017.02.24 11:15:31.442,8.33207,8.3336,1.00,1.00
2017.02.24 11:15:31.881,8.33208,8.33363,1.00,1.00
2017.02.24 11:15:32.248,8.33202,8.33363,1.00,1.00
2017.02.24 11:15:32.580,8.33197,8.33353,1.00,1.00
2017.02.24 11:15:33.017,8.33197,8.33347,1.00,1.00
2017.02.24 11:15:33.659,8.33205,8.3337,1.50,1.00
2017.02.24 11:15:34.895,8.33225,8.33363,1.00,1.00
2017.02.24 11:15:35.331,8.3322,8.3336,1.00,1.00
2017.02.24 11:15:37.703,8.33225,8.33365,1.00,1.00
2017.02.24 11:15:39.304,8.33219,8.33359,1.00,1.12
2017.02.24 11:15:39.608,8.33214,8.33354,1.00,1.00
2017.02.24 11:15:40.532,8.33214,8.33354,1.00,1.75
2017.02.24 11:15:41.305,8.33207,8.33346,1.00,1.75
2017.02.24 11:15:41.596,8.33207,8.33343,1.00,1.00
2017.02.24 11:15:42.153,8.33211,8.33343,1.00,1.00
2017.02.24 11:15:42.694,8.33211,8.3335,1.00,1.75
2017.02.24 11:15:42.846,8.33205,8.33341,1.00,1.75
2017.02.24 11:15:44.031,8.33205,8.33326,1.00,1.00
2017.02.24 11:15:48.008,8.33205,8.33336,1.00,1.75
2017.02.24 11:15:49.112,8.33196,8.33335,1.00,1.75
2017.02.24 11:15:50.035,8.33191,8.33331,1.00,1.75
2017.02.24 11:15:50.425,8.33179,8.33318,1.00,1.00
2017.02.24 11:15:51.388,8.33179,8.33319,1.00,1.12
2017.02.24 11:15:53.161,8.33175,8.33314,1.00,1.00
2017.02.24 11:15:53.212,8.33161,8.33301,1.00,1.00
2017.02.24 11:15:53.667,8.33156,8.33292,1.00,1.00
2017.02.24 11:15:53.920,8.33152,8.33292,1.00,1.00
2017.02.24 11:15:54.223,8.33157,8.33297,1.00,1.00
2017.02.24 11:15:54.703,8.33153,8.33292,1.00,1.00
2017.02.24 11:15:55.363,8.33163,8.333,1.00,1.37
2017.02.24 11:15:55.779,8.33171,8.33311,1.00,1.75
2017.02.24 11:15:55.830,8.33164,8.33303,1.00,1.50
2017.02.24 11:15:56.392,8.33159,8.33298,1.00,1.37
2017.02.24 11:15:56.596,8.33165,8.33305,1.00,1.75
2017.02.24 11:15:56.647,8.33153,8.33288,1.00,1.00
2017.02.24 11:15:56.749,8.33153,8.33288,1.00,1.75
2017.02.24 11:15:56.900,8.33149,8.33288,1.00,1.75
2017.02.24 11:15:57.002,8.33161,8.33297,1.00,1.75
2017.02.24 11:15:57.341,8.33175,8.33314,1.00,1.75
2017.02.24 11:15:57.657,8.33162,8.33301,1.00,1.75
2017.02.24 11:15:57.932,8.33162,8.33301,1.00,1.37
2017.02.24 11:15:58.335,8.33156,8.33296,1.00,1.12
2017.02.24 11:15:59.038,8.33175,8.33309,1.00,1.00
2017.02.24 11:15:59.241,8.33166,8.33303,1.00,1.00
2017.02.24 11:15:59.960,8.3316,8.33299,1.00,1.00
2017.02.24 11:16:00.044,8.33155,8.33292,1.00,1.00
2017.02.24 11:16:02.436,8.33167,8.33301,1.00,1.00
2017.02.24 11:16:02.788,8.33171,8.33301,1.00,1.00
2017.02.24 11:16:03.427,8.33179,8.33301,1.00,1.00
2017.02.24 11:16:03.624,8.33179,8.33316,1.00,1.00
2017.02.24 11:16:05.077,8.3318,8.33317,1.00,1.00
2017.02.24 11:16:07.017,8.3318,8.33319,1.00,1.75
2017.02.24 11:16:08.040,8.3318,8.33313,1.00,1.75
2017.02.24 11:16:08.091,8.33168,8.33307,1.00,1.75
2017.02.24 11:16:08.352,8.33159,8.33299,1.00,1.39
2017.02.24 11:16:09.114,8.33155,8.33303,1.00,1.39
2017.02.24 11:16:09.241,8.33145,8.33303,1.00,1.89
2017.02.24 11:16:10.319,8.3314,8.33303,1.00,1.89
2017.02.24 11:16:10.823,8.3314,8.33303,1.00,1.89
2017.02.24 11:16:11.224,8.33142,8.33303,1.00,1.39
2017.02.24 11:16:14.825,8.33142,8.33303,1.00,1.39
2017.02.24 11:16:17.990,8.33138,8.33302,1.00,1.39
2017.02.24 11:16:19.029,8.33138,8.33293,1.00,1.39
2017.02.24 11:16:19.754,8.33135,8.33277,1.00,1.39
2017.02.24 11:16:19.958,8.33125,8.3325,1.00,1.00
2017.02.24 11:16:20.009,8.33113,8.3325,1.00,1.00
2017.02.24 11:16:20.310,8.33118,8.3325,1.00,1.00
2017.02.24 11:16:20.614,8.33122,8.3325,1.00,1.00
2017.02.24 11:16:20.977,8.33108,8.33247,1.00,1.00
2017.02.24 11:16:21.028,8.3312,8.3325,1.00,1.00
2017.02.24 11:16:21.266,8.3312,8.3326,1.00,1.00
2017.02.24 11:16:21.770,8.3311,8.33249,1.00,1.00
2017.02.24 11:16:22.667,8.3311,8.33249,1.00,1.01
2017.02.24 11:16:23.996,8.33113,8.3325,1.00,1.01
2017.02.24 11:16:25.141,8.33113,8.33249,1.00,1.00
2017.02.24 11:16:25.251,8.33105,8.33244,1.00,1.00
2017.02.24 11:16:27.609,8.33104,8.33243,1.00,1.00
2017.02.24 11:16:28.201,8.33116,8.33249,1.00,1.00
2017.02.24 11:16:28.612,8.33121,8.33249,1.00,1.00
2017.02.24 11:16:30.241,8.33123,8.33262,1.00,1.02
2017.02.24 11:16:30.298,8.33133,8.33272,1.00,1.89
2017.02.24 11:16:30.349,8.33133,8.33272,1.00,1.50
2017.02.24 11:16:30.400,8.33143,8.33272,1.00,1.00
2017.02.24 11:16:30.603,8.33143,8.33282,1.00,1.00
2017.02.24 11:16:31.443,8.33146,8.33286,1.00,1.00
2017.02.24 11:16:32.774,8.33148,8.33285,1.00,1.00
2017.02.24 11:16:34.310,8.33153,8.33292,1.00,1.02
2017.02.24 11:16:35.124,8.33158,8.33292,1.00,1.00
2017.02.24 11:16:36.165,8.33171,8.33292,1.00,1.00
2017.02.24 11:16:39.883,8.33171,8.33308,1.00,1.00
2017.02.24 11:16:40.280,8.3318,8.33317,1.00,1.00
2017.02.24 11:16:41.511,8.33181,8.33317,1.00,1.00
2017.02.24 11:16:42.640,8.3318,8.33317,1.00,1.00
2017.02.24 11:16:43.004,8.33175,8.33312,1.00,1.00
2017.02.24 11:16:43.156,8.33161,8.333,1.00,1.00
2017.02.24 11:16:43.257,8.33153,8.33292,1.00,1.00
2017.02.24 11:16:44.388,8.33151,8.33289,1.00,1.00
2017.02.24 11:16:48.947,8.33146,8.33285,1.00,1.00
2017.02.24 11:16:49.049,8.33146,8.33285,1.00,1.37
2017.02.24 11:16:49.339,8.3313,8.33269,1.50,1.00
2017.02.24 11:16:49.682,8.33123,8.33277,1.00,1.00
2017.02.24 11:16:49.784,8.33113,8.33256,1.00,1.00
2017.02.24 11:16:50.087,8.33105,8.33256,1.00,1.75
2017.02.24 11:16:50.189,8.33095,8.33234,1.00,1.00
2017.02.24 11:16:51.151,8.33095,8.33228,1.00,1.00
2017.02.24 11:16:51.309,8.3309,8.33228,1.00,1.00
2017.02.24 11:16:51.612,8.33097,8.33228,1.00,1.00
2017.02.24 11:16:51.883,8.33089,8.33228,1.00,1.50
2017.02.24 11:16:52.758,8.33089,8.33226,1.00,1.00
2017.02.24 11:16:53.190,8.33084,8.33221,1.00,1.00
2017.02.24 11:16:54.012,8.33077,8.33216,1.00,1.00
2017.02.24 11:16:54.166,8.33084,8.33221,1.00,1.12
2017.02.24 11:16:55.016,8.33084,8.33221,1.00,1.50
2017.02.24 11:16:55.319,8.33081,8.3322,1.00,1.37
2017.02.24 11:16:57.242,8.33081,8.33217,1.00,1.00
2017.02.24 11:16:57.293,8.33086,8.33217,1.00,1.00
2017.02.24 11:16:59.428,8.33083,8.33217,1.00,1.00
2017.02.24 11:16:59.479,8.33063,8.33202,1.00,1.00
2017.02.24 11:16:59.580,8.33082,8.33217,1.00,1.00
2017.02.24 11:16:59.732,8.3305,8.33189,1.00,1.00
2017.02.24 11:16:59.833,8.3305,8.33186,1.00,1.00
2017.02.24 11:17:00.138,8.3305,8.33178,1.00,1.00
2017.02.24 11:17:00.385,8.33032,8.33171,1.00,1.00
2017.02.24 11:17:00.679,8.33032,8.33162,1.00,1.00
2017.02.24 11:17:00.730,8.33007,8.33146,1.00,1.00
2017.02.24 11:17:00.932,8.33007,8.33131,1.00,1.00
2017.02.24 11:17:00.983,8.32997,8.33131,1.00,1.00
2017.02.24 11:17:01.034,8.32997,8.33128,1.00,1.00
2017.02.24 11:17:01.085,8.32995,8.33131,1.00,1.00
2017.02.24 11:17:01.388,8.32995,8.33128,1.00,1.00
2017.02.24 11:17:02.091,8.32998,8.33128,1.00,1.00
2017.02.24 11:17:03.078,8.32994,8.33131,1.00,1.00
2017.02.24 11:17:03.421,8.33,8.33131,1.00,1.00
2017.02.24 11:17:03.949,8.32999,8.33131,1.00,1.00
2017.02.24 11:17:04.000,8.32999,8.33149,1.00,1.00
2017.02.24 11:17:04.606,8.32995,8.33149,1.00,1.00
2017.02.24 11:17:05.220,8.33005,8.33149,1.00,1.00
2017.02.24 11:17:06.202,8.33006,8.33149,1.00,1.00
2017.02.24 11:17:09.031,8.33,8.33149,1.00,1.00
2017.02.24 11:17:09.082,8.32991,8.33149,1.00,1.00
2017.02.24 11:17:09.183,8.32983,8.33149,1.00,1.00
2017.02.24 11:17:09.335,8.32983,8.33143,1.00,1.00
2017.02.24 11:17:09.695,8.32983,8.33143,1.00,1.75
2017.02.24 11:17:10.206,8.32982,8.33143,1.00,1.75
2017.02.24 11:17:10.547,8.3299,8.33117,1.00,1.00
2017.02.24 11:17:11.191,8.32981,8.33117,1.00,1.00
2017.02.24 11:17:12.007,8.32976,8.33117,1.00,1.00
2017.02.24 11:17:12.058,8.3298,8.33117,1.00,1.00
2017.02.24 11:17:12.436,8.3297,8.33117,1.00,1.00
2017.02.24 11:17:13.428,8.32968,8.33117,1.00,1.00
2017.02.24 11:17:15.043,8.32972,8.33117,1.00,1.00
2017.02.24 11:17:15.902,8.32984,8.33117,1.00,1.00
2017.02.24 11:17:16.961,8.32972,8.33117,1.00,1.00
2017.02.24 11:17:17.040,8.32966,8.33117,1.00,1.00
2017.02.24 11:17:17.091,8.32972,8.33117,1.00,1.00
2017.02.24 11:17:17.395,8.32996,8.33144,1.00,1.75
2017.02.24 11:17:17.887,8.32996,8.33144,1.00,1.00
2017.02.24 11:17:18.050,8.33003,8.33142,1.00,1.00
2017.02.24 11:17:20.263,8.33008,8.33146,1.00,1.00
2017.02.24 11:17:22.456,8.33016,8.33152,1.00,1.00
2017.02.24 11:17:22.798,8.3302,8.33158,1.00,1.37
2017.02.24 11:17:22.950,8.33014,8.33152,1.00,1.00
2017.02.24 11:17:23.479,8.33024,8.33162,1.00,1.00
2017.02.24 11:17:23.785,8.33019,8.33155,1.00,1.00
2017.02.24 11:17:24.495,8.3303,8.33166,1.00,1.00
2017.02.24 11:17:24.546,8.33018,8.33156,1.00,1.00
2017.02.24 11:17:25.497,8.3302,8.33158,1.00,1.00
2017.02.24 11:17:26.507,8.33024,8.33162,1.00,1.00
2017.02.24 11:17:27.155,8.3304,8.33166,1.00,1.00
2017.02.24 11:17:27.206,8.3304,8.33178,1.00,1.50
2017.02.24 11:17:27.551,8.3303,8.33166,1.00,1.00
2017.02.24 11:17:28.212,8.33038,8.33176,1.00,1.00
2017.02.24 11:17:28.414,8.33027,8.33182,1.50,1.00
2017.02.24 11:17:28.798,8.33051,8.33185,1.00,1.00
2017.02.24 11:17:29.077,8.33062,8.33198,1.00,1.00
2017.02.24 11:17:29.380,8.33071,8.33209,1.00,1.00
2017.02.24 11:17:30.033,8.33072,8.33209,1.00,1.00
2017.02.24 11:17:30.580,8.33071,8.33209,1.00,1.00
2017.02.24 11:17:31.019,8.33073,8.33209,1.00,1.00
2017.02.24 11:17:32.885,8.33073,8.3321,1.00,1.00
2017.02.24 11:17:33.667,8.33107,8.33228,1.00,1.00
2017.02.24 11:17:33.852,8.33094,8.33232,1.00,1.00
2017.02.24 11:17:34.007,8.33108,8.33246,1.00,1.00
2017.02.24 11:17:34.630,8.33094,8.3324,1.00,1.00
2017.02.24 11:17:34.936,8.33087,8.33233,1.00,1.00
2017.02.24 11:17:36.146,8.33086,8.33233,1.00,1.00
2017.02.24 11:17:37.763,8.33089,8.33227,1.00,1.00
2017.02.24 11:17:38.077,8.33086,8.33223,1.00,1.00
2017.02.24 11:17:38.229,8.33078,8.33216,1.00,1.00
2017.02.24 11:17:38.946,8.33061,8.33198,1.00,1.00
2017.02.24 11:17:39.251,8.33051,8.33188,1.00,1.00
2017.02.24 11:17:39.627,8.33042,8.33187,1.00,1.00
2017.02.24 11:17:39.936,8.33027,8.33183,1.50,1.00
2017.02.24 11:17:40.518,8.33028,8.33183,1.00,1.00
2017.02.24 11:17:40.569,8.33027,8.33177,1.00,1.00
2017.02.24 11:17:40.938,8.33022,8.33183,1.00,1.00
2017.02.24 11:17:41.052,8.33038,8.33179,1.00,1.00
2017.02.24 11:17:41.356,8.33046,8.33179,1.00,1.00
2017.02.24 11:17:42.016,8.33048,8.33179,1.00,1.00
2017.02.24 11:17:42.760,8.33048,8.33176,1.00,1.00
2017.02.24 11:17:43.063,8.3306,8.33198,1.00,1.37
2017.02.24 11:17:43.114,8.3306,8.33198,1.00,1.00
2017.02.24 11:17:46.996,8.33059,8.33198,1.00,1.00
2017.02.24 11:17:48.487,8.33047,8.33198,1.00,1.00
2017.02.24 11:17:48.790,8.33061,8.33199,1.00,1.12
2017.02.24 11:17:49.341,8.3307,8.33209,1.00,1.75
2017.02.24 11:17:50.263,8.33082,8.33214,1.00,1.75
2017.02.24 11:17:50.618,8.33087,8.33214,1.00,1.75
2017.02.24 11:17:50.719,8.33087,8.33214,1.00,1.00
2017.02.24 11:17:52.311,8.33096,8.33214,1.00,1.00
2017.02.24 11:17:52.616,8.33114,8.33214,1.00,1.00
2017.02.24 11:17:52.919,8.33112,8.33241,1.00,1.75
2017.02.24 11:17:53.822,8.33112,8.33241,1.00,1.00
2017.02.24 11:17:53.923,8.33116,8.33241,1.00,1.00
2017.02.24 11:17:54.331,8.33134,8.33241,1.00,1.00
2017.02.24 11:17:54.556,8.33134,8.33267,1.00,1.37
2017.02.24 11:17:55.480,8.33128,8.33266,1.00,1.37
2017.02.24 11:17:56.357,8.33128,8.33266,1.00,1.00
2017.02.24 11:17:56.408,8.33138,8.33267,1.00,1.00
2017.02.24 11:17:57.495,8.33135,8.33267,1.00,1.00
2017.02.24 11:17:58.279,8.33138,8.33267,1.00,1.00
2017.02.24 11:17:58.635,8.33158,8.33267,1.00,1.00
2017.02.24 11:17:58.869,8.33156,8.33267,1.00,1.00
2017.02.24 11:17:59.123,8.33167,8.33267,1.00,1.00
2017.02.24 11:17:59.364,8.33187,8.3331,1.00,1.00
2017.02.24 11:17:59.516,8.33226,8.3331,1.00,1.00
2017.02.24 11:17:59.769,8.33246,8.33339,1.00,1.00
2017.02.24 11:17:59.870,8.33246,8.3336,1.00,1.00
2017.02.24 11:18:00.309,8.33227,8.3336,1.00,1.00
2017.02.24 11:18:00.360,8.33237,8.3336,1.00,1.00
2017.02.24 11:18:00.714,8.33249,8.3336,1.00,1.00
2017.02.24 11:18:00.846,8.33249,8.33385,1.00,1.00
2017.02.24 11:18:00.898,8.33223,8.33362,1.00,1.00
2017.02.24 11:18:01.352,8.33241,8.33365,1.00,1.00
2017.02.24 11:18:02.101,8.33255,8.33365,1.00,1.00
2017.02.24 11:18:02.203,8.33255,8.3339,1.00,1.00
2017.02.24 11:18:03.097,8.33264,8.3339,1.00,1.00
2017.02.24 11:18:03.810,8.33276,8.3339,1.00,1.00
2017.02.24 11:18:03.962,8.33276,8.33411,1.00,1.00
2017.02.24 11:18:04.479,8.33276,8.33412,1.00,1.00
2017.02.24 11:18:05.339,8.33281,8.33412,1.00,1.00
2017.02.24 11:18:06.644,8.33288,8.33412,1.00,1.00
2017.02.24 11:18:06.908,8.33303,8.33438,1.00,1.00
2017.02.24 11:18:07.110,8.33292,8.33428,1.00,1.00
2017.02.24 11:18:07.161,8.33277,8.33415,1.00,1.00
2017.02.24 11:18:07.898,8.33284,8.33422,1.00,1.00
2017.02.24 11:18:08.594,8.33306,8.33438,1.00,1.00
2017.02.24 11:18:08.988,8.33323,8.33461,1.00,1.00
2017.02.24 11:18:09.696,8.33315,8.33449,1.00,1.00
2017.02.24 11:18:09.798,8.333,8.33438,1.00,1.00
2017.02.24 11:18:09.899,8.33293,8.33434,1.00,1.00
2017.02.24 11:18:10.893,8.33296,8.33436,1.00,1.00
2017.02.24 11:18:12.335,8.33292,8.33432,1.00,1.00
2017.02.24 11:18:13.667,8.33292,8.33427,1.00,1.00
2017.02.24 11:18:18.066,8.33292,8.33429,1.00,1.00
2017.02.24 11:18:18.449,8.33292,8.33402,1.00,1.00
2017.02.24 11:18:18.499,8.33292,8.33427,1.00,1.00
2017.02.24 11:18:18.550,8.33264,8.33404,1.00,1.00
2017.02.24 11:18:18.702,8.33259,8.33398,1.00,1.00
2017.02.24 11:18:19.005,8.33232,8.33371,1.00,1.00
2017.02.24 11:18:19.830,8.33227,8.33368,1.00,1.00
2017.02.24 11:18:20.276,8.33242,8.33383,1.00,1.00
2017.02.24 11:18:20.579,8.33319,8.33444,1.00,1.00
2017.02.24 11:18:20.630,8.33319,8.33459,1.00,1.00
2017.02.24 11:18:20.781,8.33322,8.33459,1.00,1.00
2017.02.24 11:18:20.883,8.33319,8.33459,1.00,1.00
2017.02.24 11:18:21.290,8.33318,8.33456,1.00,1.00
2017.02.24 11:18:21.492,8.33308,8.33448,1.00,1.00
2017.02.24 11:18:21.823,8.33308,8.33446,1.00,1.00
2017.02.24 11:18:22.922,8.33322,8.33446,1.00,1.00
2017.02.24 11:18:23.125,8.33327,8.33462,1.00,1.00
2017.02.24 11:18:23.226,8.33323,8.33462,1.00,1.00
2017.02.24 11:18:23.481,8.33327,8.33462,1.00,1.00
2017.02.24 11:18:24.114,8.33328,8.33462,1.00,1.00
2017.02.24 11:18:24.797,8.33327,8.33462,1.00,1.00
2017.02.24 11:18:26.925,8.33319,8.33457,1.00,1.00
2017.02.24 11:18:26.976,8.33303,8.33437,1.00,1.00
2017.02.24 11:18:27.077,8.33308,8.33449,1.00,1.00
2017.02.24 11:18:27.974,8.33304,8.33444,1.00,1.00
2017.02.24 11:18:29.170,8.33303,8.33442,1.00,1.00
2017.02.24 11:18:30.221,8.33303,8.33439,1.00,1.00
2017.02.24 11:18:35.387,8.33303,8.33441,1.00,1.00
2017.02.24 11:18:35.945,8.33312,8.33452,1.00,1.00
2017.02.24 11:18:36.098,8.33317,8.33452,1.00,1.00
2017.02.24 11:18:36.301,8.33327,8.33467,1.00,1.00
2017.02.24 11:18:36.402,8.33333,8.33471,1.00,1.00
2017.02.24 11:18:36.733,8.33382,8.33491,1.00,1.00
2017.02.24 11:18:36.786,8.33382,8.33496,1.00,1.00
2017.02.24 11:18:36.888,8.33382,8.33516,1.00,1.00
2017.02.24 11:18:37.123,8.33382,8.33518,1.00,1.00
2017.02.24 11:18:37.285,8.33405,8.33538,1.00,1.00
2017.02.24 11:18:37.588,8.33429,8.33539,1.00,1.00
2017.02.24 11:18:37.690,8.33441,8.33559,1.00,1.00
2017.02.24 11:18:37.792,8.33441,8.33562,1.00,1.00
2017.02.24 11:18:37.995,8.33441,8.33581,1.00,1.00
2017.02.24 11:18:38.147,8.33424,8.33564,1.00,1.00
2017.02.24 11:18:38.490,8.33438,8.33552,1.00,1.00
2017.02.24 11:18:39.317,8.3344,8.33552,1.00,1.00
2017.02.24 11:18:40.510,8.33433,8.33552,1.00,1.00
2017.02.24 11:18:41.825,8.33444,8.33552,1.00,1.00
2017.02.24 11:18:41.926,8.33444,8.33572,1.00,1.37
2017.02.24 11:18:41.977,8.33438,8.33578,1.00,1.50
2017.02.24 11:18:42.078,8.33438,8.33578,1.00,1.00
2017.02.24 11:18:42.280,8.33455,8.3358,1.00,1.00
2017.02.24 11:18:42.957,8.33461,8.3358,1.00,1.00
2017.02.24 11:18:43.007,8.33461,8.33599,1.00,1.00
2017.02.24 11:18:43.472,8.33467,8.33602,1.00,1.00
2017.02.24 11:18:43.776,8.33476,8.33602,1.00,1.00
2017.02.24 11:18:44.286,8.33485,8.33602,1.00,1.00
2017.02.24 11:18:44.387,8.33485,8.33622,1.00,1.37
2017.02.24 11:18:44.620,8.33495,8.33629,1.00,1.00
2017.02.24 11:18:44.721,8.33502,8.33629,1.00,1.00
