2009.05.27 09:00:00.921,6.38265,6.3873,1.80,1.00
2009.05.27 09:00:02.600,6.3826,6.3869,1.80,1.00
2009.05.27 09:00:02.890,6.3825,6.3873,1.80,1.00
2009.05.27 09:00:03.060,6.3825,6.3869,1.80,1.00
2009.05.27 09:00:03.540,6.3825,6.3873,1.80,1.00
2009.05.27 09:00:04.520,6.38245,6.3869,1.80,1.00
2009.05.27 09:00:05.110,6.3824,6.3869,1.80,1.00
2009.05.27 09:00:06.229,6.38225,6.3869,1.80,1.00
2009.05.27 09:00:07.529,6.38255,6.3869,1.80,1.00
2009.05.27 09:00:08.199,6.3825,6.3869,1.80,1.00
2009.05.27 09:00:08.499,6.38235,6.3866,1.80,1.00
2009.05.27 09:00:10.198,6.3824,6.387,1.60,1.00
2009.05.27 09:00:10.828,6.382,6.3882,1.60,2.20
2009.05.27 09:00:11.218,6.38215,6.3864,1.60,1.00
2009.05.27 09:00:12.008,6.3825,6.3864,1.80,1.00
2009.05.27 09:00:13.308,6.38265,6.386,1.80,1.00
2009.05.27 09:00:13.537,6.38255,6.386,1.80,1.00
2009.05.27 09:00:14.387,6.3825,6.386,1.80,1.00
2009.05.27 09:00:16.017,6.38245,6.386,1.80,1.00
2009.05.27 09:00:17.446,6.38195,6.386,1.80,1.00
2009.05.27 09:00:18.346,6.38185,6.386,1.80,1.00
2009.05.27 09:00:19.337,6.38215,6.386,1.60,1.00
2009.05.27 09:00:19.566,6.382,6.386,1.60,1.00
2009.05.27 09:00:20.206,6.38195,6.386,3.40,1.00
2009.05.27 09:00:21.186,6.38215,6.386,1.80,1.00
2009.05.27 09:00:21.466,6.3822,6.386,1.80,1.00
2009.05.27 09:00:24.895,6.38235,6.386,1.80,1.00
2009.05.27 09:00:25.425,6.3825,6.386,1.80,1.00
2009.05.27 09:00:25.594,6.38235,6.386,1.80,1.00
2009.05.27 09:00:29.763,6.38245,6.386,1.60,1.00
2009.05.27 09:00:29.984,6.38245,6.386,3.40,1.00
2009.05.27 09:00:30.094,6.38295,6.386,1.60,1.00
2009.05.27 09:00:30.323,6.38315,6.386,1.60,1.00
2009.05.27 09:00:30.654,6.38315,6.386,3.40,1.00
2009.05.27 09:00:33.103,6.38315,6.386,1.80,1.00
2009.05.27 09:00:33.443,6.383,6.386,1.80,1.00
2009.05.27 09:00:36.192,6.38315,6.386,1.60,1.00
2009.05.27 09:00:36.482,6.38315,6.386,3.40,1.00
2009.05.27 09:00:36.992,6.38335,6.386,3.40,1.00
2009.05.27 09:00:37.912,6.3835,6.386,1.80,1.00
2009.05.27 09:00:38.891,6.38355,6.386,1.80,1.00
2009.05.27 09:00:40.561,6.3835,6.386,1.80,1.00
2009.05.27 09:00:44.510,6.38355,6.386,1.80,1.00
2009.05.27 09:00:45.090,6.38345,6.386,1.80,1.00
2009.05.27 09:00:48.579,6.38355,6.386,1.80,1.00
2009.05.27 09:00:49.049,6.3836,6.386,1.60,1.00
2009.05.27 09:00:49.879,6.38385,6.386,1.60,1.00
2009.05.27 09:00:50.209,6.384,6.386,1.80,1.00
2009.05.27 09:00:50.969,6.3839,6.386,3.40,1.00
2009.05.27 09:00:52.138,6.38395,6.386,1.80,1.00
2009.05.27 09:00:59.586,6.38385,6.386,1.80,1.00
2009.05.27 09:01:03.755,6.3838,6.386,1.80,1.00
2009.05.27 09:01:04.395,6.3837,6.386,1.80,1.00
2009.05.27 09:01:04.745,6.38365,6.386,1.60,1.00
2009.05.27 09:01:05.675,6.3836,6.386,1.60,1.00
2009.05.27 09:01:06.845,6.38365,6.386,1.60,1.00
2009.05.27 09:01:07.994,6.38375,6.386,1.80,1.00
2009.05.27 09:01:09.034,6.3837,6.386,1.80,1.00
2009.05.27 09:01:10.404,6.38365,6.386,1.80,1.00
2009.05.27 09:01:10.514,6.3835,6.386,1.80,1.00
2009.05.27 09:01:12.423,6.38335,6.386,1.80,1.00
2009.05.27 09:01:19.382,6.383,6.386,1.80,1.00
2009.05.27 09:01:29.809,6.38355,6.386,1.60,1.00
2009.05.27 09:01:32.758,6.3837,6.386,1.60,1.00
2009.05.27 09:01:33.628,6.384,6.386,1.60,1.00
2009.05.27 09:01:34.068,6.38385,6.386,1.60,1.00
2009.05.27 09:01:42.196,6.38365,6.386,3.40,1.00
2009.05.27 09:01:42.606,6.38365,6.386,1.60,1.00
2009.05.27 09:02:03.851,6.38405,6.386,1.60,1.00
2009.05.27 09:02:08.310,6.38405,6.386,1.60,1.00
2009.05.27 09:02:09.120,6.38385,6.386,1.60,1.00
2009.05.27 09:02:13.668,6.38405,6.386,1.60,1.00
2009.05.27 09:02:17.668,6.38445,6.386,1.60,1.00
2009.05.27 09:02:18.238,6.38445,6.3891,1.60,1.00
2009.05.27 09:02:19.337,6.3844,6.3887,1.80,1.00
2009.05.27 09:02:19.557,6.3843,6.3887,1.60,1.00
2009.05.27 09:02:20.027,6.3845,6.3887,1.60,1.00
2009.05.27 09:02:20.427,6.3843,6.3887,3.40,1.00
2009.05.27 09:02:21.167,6.3843,6.3887,1.60,1.00
2009.05.27 09:02:21.906,6.3845,6.3887,1.60,1.00
2009.05.27 09:02:24.646,6.3843,6.3887,1.60,1.00
2009.05.27 09:02:25.286,6.3843,6.3886,1.60,1.00
2009.05.27 09:02:25.466,6.38425,6.3886,1.60,1.00
2009.05.27 09:02:25.846,6.38445,6.3886,1.60,1.00
2009.05.27 09:02:26.026,6.38425,6.3886,1.60,1.00
2009.05.27 09:02:27.105,6.3841,6.3882,1.60,1.00
2009.05.27 09:02:29.565,6.3841,6.3886,1.60,1.00
2009.05.27 09:02:29.785,6.38425,6.3886,1.60,1.00
2009.05.27 09:02:29.895,6.3841,6.3882,1.60,1.00
2009.05.27 09:02:30.195,6.3841,6.3886,1.60,1.00
2009.05.27 09:02:30.374,6.38425,6.3886,1.60,1.00
2009.05.27 09:02:32.014,6.3841,6.3886,1.60,1.00
2009.05.27 09:02:32.124,6.3841,6.3882,1.60,1.00
2009.05.27 09:02:32.244,6.3841,6.3886,1.60,1.00
2009.05.27 09:02:32.364,6.38425,6.3886,1.60,1.00
2009.05.27 09:02:34.134,6.3841,6.3886,1.60,1.00
2009.05.27 09:02:34.424,6.3841,6.3901,1.60,2.20
2009.05.27 09:02:34.484,6.3842,6.3901,1.60,1.20
2009.05.27 09:02:36.553,6.3842,6.39005,1.60,1.20
2009.05.27 09:02:37.523,6.3842,6.3901,1.60,1.20
2009.05.27 09:02:38.473,6.3842,6.39,1.60,1.20
2009.05.27 09:02:39.043,6.384,6.3899,1.60,1.00
2009.05.27 09:02:39.502,6.3842,6.3899,1.60,1.00
2009.05.27 09:02:39.672,6.3842,6.39,1.60,1.20
2009.05.27 09:02:40.472,6.3842,6.38995,1.60,1.20
2009.05.27 09:02:40.702,6.384,6.38995,1.60,1.20
2009.05.27 09:02:43.471,6.384,6.39,3.40,1.20
2009.05.27 09:02:46.521,6.38405,6.3901,1.80,1.20
2009.05.27 09:02:46.861,6.384,6.3899,1.60,1.00
2009.05.27 09:02:47.440,6.384,6.3884,3.40,1.00
2009.05.27 09:02:47.670,6.384,6.3884,1.60,1.00
2009.05.27 09:02:52.309,6.38415,6.3882,1.60,1.00
2009.05.27 09:02:52.539,6.38415,6.3886,1.60,1.00
2009.05.27 09:02:53.999,6.38415,6.3899,1.60,1.00
2009.05.27 09:03:00.817,6.3843,6.3897,1.60,1.00
2009.05.27 09:03:01.157,6.3843,6.3896,1.60,1.00
2009.05.27 09:03:01.387,6.38455,6.39,1.60,1.20
2009.05.27 09:03:02.507,6.38455,6.3901,1.60,1.00
2009.05.27 09:03:03.417,6.38475,6.3901,1.60,1.00
2009.05.27 09:03:03.697,6.3845,6.3896,1.80,1.00
2009.05.27 09:03:03.937,6.3844,6.3896,1.60,1.00
2009.05.27 09:03:06.116,6.3842,6.3897,1.80,1.00
2009.05.27 09:03:07.106,6.3842,6.3892,1.80,1.00
2009.05.27 09:03:07.386,6.38395,6.3896,1.60,1.00
2009.05.27 09:03:07.786,6.38395,6.38965,1.60,1.20
2009.05.27 09:03:08.186,6.3841,6.38965,1.60,1.20
2009.05.27 09:03:11.855,6.3841,6.3897,1.60,2.20
2009.05.27 09:03:11.975,6.3843,6.3897,1.60,1.20
2009.05.27 09:03:12.374,6.3843,6.3898,1.60,1.20
2009.05.27 09:03:12.666,6.38455,6.3898,1.60,1.20
2009.05.27 09:03:13.064,6.38455,6.3901,1.60,1.00
2009.05.27 09:03:15.014,6.38455,6.39,1.60,1.20
2009.05.27 09:03:19.333,6.38455,6.38995,1.60,1.20
2009.05.27 09:03:21.192,6.38455,6.3901,1.60,2.20
2009.05.27 09:03:22.332,6.38455,6.3899,1.60,1.20
2009.05.27 09:03:22.392,6.3844,6.3899,1.60,1.20
2009.05.27 09:03:22.662,6.3844,6.3896,1.60,1.00
2009.05.27 09:03:26.681,6.38395,6.3896,1.60,1.00
2009.05.27 09:03:27.081,6.3841,6.3897,1.60,1.00
2009.05.27 09:03:27.301,6.3841,6.3896,1.60,1.20
2009.05.27 09:03:28.001,6.3841,6.3896,1.60,2.20
2009.05.27 09:03:31.540,6.3841,6.3896,1.60,1.00
2009.05.27 09:03:35.029,6.3841,6.3891,1.60,1.00
2009.05.27 09:03:35.259,6.38395,6.3891,1.60,1.00
2009.05.27 09:03:35.439,6.3841,6.3891,1.60,1.00
2009.05.27 09:03:35.609,6.3841,6.3896,1.60,2.20
2009.05.27 09:03:35.899,6.3841,6.3896,1.60,1.00
2009.05.27 09:03:42.997,6.38395,6.3891,1.60,1.00
2009.05.27 09:03:43.807,6.3841,6.3896,1.60,1.00
2009.05.27 09:03:53.724,6.3843,6.39,1.60,2.20
2009.05.27 09:03:54.774,6.3843,6.39,1.60,1.20
2009.05.27 09:03:56.044,6.3843,6.39005,1.60,1.20
2009.05.27 09:03:56.154,6.3843,6.3901,1.60,2.20
2009.05.27 09:03:56.494,6.38455,6.3901,1.60,2.20
2009.05.27 09:03:56.554,6.38455,6.3901,1.60,1.00
2009.05.27 09:03:57.114,6.3844,6.3901,1.60,1.00
2009.05.27 09:03:57.404,6.3844,6.3901,1.60,2.20
2009.05.27 09:04:01.992,6.3844,6.38995,1.60,1.20
2009.05.27 09:04:02.582,6.3844,6.39005,1.60,1.20
2009.05.27 09:04:03.632,6.3844,6.3903,1.60,1.20
2009.05.27 09:04:03.912,6.3847,6.3903,1.60,1.20
2009.05.27 09:04:04.142,6.3846,6.3903,1.60,1.20
2009.05.27 09:04:04.612,6.3846,6.3901,1.60,1.20
2009.05.27 09:04:05.062,6.3844,6.39,1.60,1.00
2009.05.27 09:04:05.592,6.3844,6.39,1.60,2.20
2009.05.27 09:04:07.381,6.3844,6.3895,1.60,1.20
2009.05.27 09:04:07.611,6.3844,6.3891,1.60,1.00
2009.05.27 09:04:12.220,6.3842,6.3886,1.60,1.00
2009.05.27 09:04:12.400,6.3839,6.3886,1.60,1.00
2009.05.27 09:04:15.039,6.3836,6.3882,1.60,1.00
2009.05.27 09:04:15.379,6.38345,6.3877,1.60,1.00
2009.05.27 09:04:17.529,6.38315,6.3881,1.60,1.00
2009.05.27 09:04:17.759,6.38315,6.3877,1.60,1.00
2009.05.27 09:04:18.099,6.38295,6.3877,1.60,1.00
2009.05.27 09:04:18.459,6.3836,6.3884,1.60,1.20
2009.05.27 09:04:19.708,6.3836,6.38845,1.60,1.20
2009.05.27 09:04:20.038,6.3836,6.3886,1.60,1.00
2009.05.27 09:04:20.798,6.3838,6.3886,1.60,1.00
2009.05.27 09:04:24.887,6.3842,6.389,1.60,1.00
2009.05.27 09:04:25.057,6.38405,6.389,1.60,1.00
2009.05.27 09:04:25.417,6.38425,6.3886,1.60,1.00
2009.05.27 09:04:35.755,6.3839,6.3886,1.60,1.00
2009.05.27 09:04:35.864,6.3839,6.3882,1.60,1.00
2009.05.27 09:04:47.991,6.3836,6.3882,1.60,1.00
2009.05.27 09:04:48.511,6.38345,6.3882,1.60,1.00
2009.05.27 09:04:48.731,6.38345,6.3877,1.60,1.00
2009.05.27 09:04:49.131,6.3838,6.3882,1.60,1.00
2009.05.27 09:04:49.421,6.38345,6.3882,1.60,1.00
2009.05.27 09:04:49.711,6.38345,6.3877,1.60,1.00
2009.05.27 09:04:50.581,6.3836,6.3877,1.60,1.00
2009.05.27 09:04:50.801,6.3836,6.3882,1.60,1.00
2009.05.27 09:04:51.501,6.3838,6.3882,1.60,1.00
2009.05.27 09:04:59.699,6.3838,6.3886,1.60,1.00
2009.05.27 09:04:59.879,6.3842,6.3886,1.60,1.00
2009.05.27 09:05:01.948,6.38405,6.3882,1.60,1.00
2009.05.27 09:05:02.168,6.38405,6.3886,1.60,1.00
2009.05.27 09:05:02.688,6.3839,6.3882,1.60,1.00
2009.05.27 09:05:08.106,6.3839,6.3886,1.60,1.00
2009.05.27 09:05:08.566,6.38405,6.3886,1.60,1.00
2009.05.27 09:05:17.384,6.38425,6.3886,1.60,1.00
2009.05.27 09:05:17.725,6.38405,6.3886,1.60,1.00
2009.05.27 09:05:23.963,6.3847,6.3886,1.60,1.00
2009.05.27 09:05:24.314,6.3847,6.3891,1.60,1.00
2009.05.27 09:05:24.553,6.38455,6.3891,1.60,1.00
2009.05.27 09:05:24.843,6.3847,6.3891,1.60,1.00
2009.05.27 09:05:27.542,6.3844,6.3891,1.60,1.00
2009.05.27 09:05:29.271,6.3842,6.3891,1.60,1.00
2009.05.27 09:05:39.319,6.384,6.3896,1.60,2.20
2009.05.27 09:05:39.479,6.38435,6.3896,1.60,2.20
2009.05.27 09:05:39.819,6.38435,6.3891,1.60,1.00
2009.05.27 09:05:45.338,6.38465,6.3895,1.60,1.00
2009.05.27 09:05:45.868,6.38465,6.3893,1.60,1.00
2009.05.27 09:05:46.048,6.38485,6.3896,1.60,1.00
2009.05.27 09:05:51.386,6.3851,6.3896,1.60,1.00
2009.05.27 09:05:51.566,6.3851,6.39,1.60,1.00
2009.05.27 09:05:52.716,6.3853,6.39,1.60,1.00
2009.05.27 09:05:54.885,6.38515,6.39,1.60,1.00
2009.05.27 09:06:05.243,6.38515,6.39,1.60,1.00
2009.05.27 09:06:12.181,6.38495,6.39,1.60,1.00
2009.05.27 09:06:12.361,6.38495,6.3896,1.60,1.00
2009.05.27 09:06:16.410,6.3851,6.3896,1.60,1.00
2009.05.27 09:06:16.470,6.3851,6.39,1.60,1.00
2009.05.27 09:06:17.060,6.3851,6.3906,1.60,2.20
2009.05.27 09:06:17.120,6.38495,6.3906,1.60,2.20
2009.05.27 09:06:17.410,6.38495,6.3898,1.60,1.00
2009.05.27 09:06:17.710,6.38495,6.3902,1.60,1.00
2009.05.27 09:06:18.000,6.3851,6.3902,1.60,1.00
2009.05.27 09:06:30.517,6.3854,6.39,1.60,1.00
2009.05.27 09:06:32.146,6.3854,6.3901,1.60,1.00
2009.05.27 09:06:32.836,6.3852,6.3906,1.60,2.20
2009.05.27 09:06:33.076,6.3854,6.3898,1.60,1.00
2009.05.27 09:06:33.256,6.3854,6.3903,1.60,1.00
2009.05.27 09:06:33.436,6.38495,6.3898,1.60,1.00
2009.05.27 09:06:33.776,6.38515,6.3902,1.60,1.00
2009.05.27 09:06:40.894,6.38495,6.3896,1.60,1.00
2009.05.27 09:06:41.004,6.38495,6.39,1.60,1.00
2009.05.27 09:06:41.124,6.38515,6.39,1.60,1.00
2009.05.27 09:06:42.444,6.38495,6.39,1.60,1.00
2009.05.27 09:06:42.854,6.38515,6.39,1.60,1.00
2009.05.27 09:06:47.973,6.38495,6.3896,1.60,1.00
2009.05.27 09:06:49.392,6.3848,6.3896,1.60,1.00
2009.05.27 09:06:49.612,6.38495,6.3891,1.60,1.00
2009.05.27 09:06:50.182,6.38495,6.3896,1.60,1.00
2009.05.27 09:06:50.772,6.38495,6.3891,1.60,1.00
2009.05.27 09:06:51.122,6.38495,6.3896,1.60,1.00
2009.05.27 09:06:52.161,6.38475,6.3896,1.60,1.00
2009.05.27 09:06:52.322,6.38475,6.3891,1.60,1.00
2009.05.27 09:06:52.841,6.38495,6.3891,1.60,1.00
2009.05.27 09:06:53.061,6.38495,6.3896,1.60,1.00
2009.05.27 09:06:57.900,6.38475,6.3891,1.60,1.00
2009.05.27 09:06:58.010,6.38495,6.3896,1.60,1.00
2009.05.27 09:06:58.300,6.38475,6.3891,1.60,1.00
2009.05.27 09:06:58.530,6.38495,6.3896,1.60,1.00
2009.05.27 09:07:20.145,6.3845,6.3892,1.60,1.00
2009.05.27 09:07:35.641,6.38465,6.3892,1.60,1.00
2009.05.27 09:07:36.041,6.3843,6.3892,1.60,1.00
2009.05.27 09:07:36.222,6.3845,6.3891,1.60,1.00
2009.05.27 09:07:36.681,6.38465,6.3892,1.60,1.00
2009.05.27 09:07:37.091,6.38465,6.3891,1.60,1.00
2009.05.27 09:07:43.319,6.3845,6.3891,1.60,1.00
2009.05.27 09:07:44.529,6.3843,6.3891,1.60,1.00
2009.05.27 09:07:45.099,6.38405,6.3887,1.60,1.00
2009.05.27 09:07:45.319,6.3846,6.3887,1.60,1.00
2009.05.27 09:07:45.609,6.3846,6.3891,1.60,1.00
2009.05.27 09:07:45.949,6.38405,6.3887,1.60,1.00
2009.05.27 09:07:46.298,6.3842,6.3891,1.60,1.00
2009.05.27 09:07:46.678,6.3842,6.389,1.60,1.20
2009.05.27 09:07:47.128,6.3842,6.3891,1.60,1.00
2009.05.27 09:07:48.108,6.38405,6.3891,1.60,1.00
2009.05.27 09:07:48.448,6.38405,6.3886,1.60,1.00
2009.05.27 09:07:48.738,6.38405,6.3887,1.60,1.00
2009.05.27 09:07:49.808,6.38385,6.3882,1.60,1.00
2009.05.27 09:07:50.328,6.38405,6.3887,1.60,1.00
2009.05.27 09:07:51.587,6.38385,6.3886,1.60,1.00
2009.05.27 09:07:51.817,6.38385,6.3882,1.60,1.00
2009.05.27 09:07:52.047,6.3837,6.3882,1.60,1.00
2009.05.27 09:07:54.506,6.3837,6.3887,1.60,1.00
2009.05.27 09:07:54.856,6.38405,6.3887,1.60,1.00
2009.05.27 09:08:00.975,6.3842,6.3886,1.60,1.00
2009.05.27 09:08:01.145,6.38385,6.3882,1.60,1.00
2009.05.27 09:08:01.655,6.3845,6.3882,1.60,1.00
2009.05.27 09:08:01.955,6.3845,6.3891,1.60,1.00
2009.05.27 09:08:03.464,6.3843,6.3891,1.60,1.00
2009.05.27 09:08:05.774,6.38405,6.3891,1.60,1.00
2009.05.27 09:08:05.894,6.38405,6.3897,1.60,2.20
2009.05.27 09:08:06.064,6.3842,6.3888,1.60,1.00
2009.05.27 09:08:06.804,6.3845,6.3893,1.60,1.00
2009.05.27 09:08:07.783,6.3843,6.3891,1.60,1.00
2009.05.27 09:08:08.883,6.38445,6.3891,1.60,1.00
2009.05.27 09:08:09.973,6.3843,6.3891,1.60,1.00
2009.05.27 09:08:11.033,6.38415,6.3904,1.80,1.20
2009.05.27 09:08:11.392,6.38465,6.3909,1.80,2.20
2009.05.27 09:08:11.892,6.3861,6.3909,1.60,2.20
2009.05.27 09:08:12.232,6.3861,6.39055,1.60,1.20
2009.05.27 09:08:13.132,6.38565,6.3901,1.60,1.20
2009.05.27 09:08:13.422,6.3861,6.3901,1.60,1.20
2009.05.27 09:08:17.861,6.3861,6.39035,1.60,1.20
2009.05.27 09:08:18.371,6.3861,6.39,1.60,1.20
2009.05.27 09:08:18.671,6.38565,6.39,1.60,1.20
2009.05.27 09:08:19.540,6.3854,6.39,1.60,1.20
2009.05.27 09:08:24.089,6.38525,6.39,1.60,1.20
2009.05.27 09:08:24.739,6.3854,6.39,1.60,1.20
2009.05.27 09:08:25.209,6.3854,6.3899,1.60,1.20
2009.05.27 09:08:25.889,6.38365,6.3899,1.80,1.20
2009.05.27 09:08:26.339,6.38375,6.39,1.80,1.20
2009.05.27 09:08:26.639,6.3835,6.38975,1.80,1.20
2009.05.27 09:08:27.159,6.3842,6.39025,1.80,1.20
2009.05.27 09:08:30.338,6.38365,6.3897,1.80,1.20
2009.05.27 09:08:30.928,6.38355,6.38955,1.80,1.20
2009.05.27 09:08:32.647,6.3835,6.3895,1.80,1.20
2009.05.27 09:08:33.287,6.38345,6.3895,1.80,1.20
2009.05.27 09:08:34.437,6.3833,6.38935,1.80,1.20
2009.05.27 09:08:38.536,6.38345,6.3895,1.80,1.20
2009.05.27 09:08:43.415,6.38355,6.38955,1.80,1.20
2009.05.27 09:08:45.115,6.38305,6.3891,1.80,1.20
2009.05.27 09:08:45.745,6.3834,6.3894,1.80,1.20
2009.05.27 09:08:48.004,6.38315,6.3892,1.80,1.20
2009.05.27 09:08:50.203,6.38305,6.3891,1.80,1.20
2009.05.27 09:08:51.303,6.383,6.38905,1.80,1.20
2009.05.27 09:08:58.861,6.383,6.38905,1.80,1.20
2009.05.27 09:09:08.419,6.3831,6.38915,1.80,1.20
2009.05.27 09:09:08.969,6.3833,6.38935,1.80,1.20
2009.05.27 09:09:09.668,6.3835,6.3895,1.80,1.20
2009.05.27 09:09:09.968,6.3837,6.38975,1.80,1.20
2009.05.27 09:09:10.678,6.38365,6.3897,1.80,1.20
2009.05.27 09:09:11.558,6.38375,6.3898,1.80,1.20
2009.05.27 09:09:12.018,6.3837,6.38975,1.80,1.20
2009.05.27 09:09:13.717,6.3838,6.38985,1.80,1.20
2009.05.27 09:09:14.047,6.38375,6.3898,1.80,1.20
2009.05.27 09:09:16.027,6.3836,6.3896,1.80,1.20
2009.05.27 09:09:16.477,6.38375,6.3898,1.80,1.20
2009.05.27 09:09:17.107,6.3837,6.38975,1.80,1.20
2009.05.27 09:09:20.606,6.38365,6.3897,1.80,1.20
2009.05.27 09:09:25.105,6.38355,6.3896,1.80,1.20
2009.05.27 09:09:33.993,6.38345,6.3895,1.80,1.20
2009.05.27 09:09:35.612,6.38335,6.3894,1.80,1.20
2009.05.27 09:09:36.572,6.38325,6.3893,1.80,1.20
2009.05.27 09:09:37.212,6.3832,6.38925,1.80,1.20
2009.05.27 09:09:38.402,6.3833,6.38935,1.80,1.20
2009.05.27 09:09:40.871,6.38325,6.3893,1.80,1.20
2009.05.27 09:09:44.990,6.3832,6.38925,1.80,1.20
2009.05.27 09:09:45.570,6.3839,6.38995,1.80,1.20
2009.05.27 09:09:47.299,6.384,6.39005,1.80,1.20
2009.05.27 09:09:53.598,6.38505,6.3915,1.80,1.20
2009.05.27 09:09:55.217,6.3857,6.39175,1.80,1.20
2009.05.27 09:09:59.067,6.38615,6.3918,1.80,1.60
2009.05.27 09:10:01.646,6.3854,6.3909,1.80,1.00
2009.05.27 09:10:11.144,6.38565,6.3907,1.60,1.00
2009.05.27 09:10:15.693,6.3858,6.3907,1.60,1.00
2009.05.27 09:10:15.813,6.38585,6.3907,1.80,1.00
2009.05.27 09:10:18.122,6.38625,6.3912,1.60,1.00
2009.05.27 09:10:18.462,6.3863,6.3912,1.80,1.00
2009.05.27 09:10:19.112,6.3864,6.3912,1.80,1.00
2009.05.27 09:10:19.741,6.38585,6.391,1.80,1.00
2009.05.27 09:10:21.061,6.3854,6.391,1.80,1.00
2009.05.27 09:10:21.411,6.3851,6.391,1.80,1.00
2009.05.27 09:10:21.701,6.3851,6.3909,1.80,1.00
2009.05.27 09:10:22.821,6.38495,6.3905,1.80,1.00
2009.05.27 09:10:23.512,6.38455,6.3905,1.80,1.00
2009.05.27 09:10:24.940,6.38475,6.3882,1.80,1.00
2009.05.27 09:10:25.231,6.3829,6.3882,1.80,1.00
2009.05.27 09:10:25.410,6.3829,6.3877,1.80,1.00
2009.05.27 09:10:25.650,6.3822,6.3877,1.60,1.00
2009.05.27 09:10:28.149,6.3826,6.3873,1.60,1.00
2009.05.27 09:10:28.480,6.3826,6.3878,1.60,1.20
2009.05.27 09:10:28.900,6.3824,6.3873,3.40,1.00
2009.05.27 09:10:29.129,6.3824,6.3873,1.60,1.00
2009.05.27 09:10:30.849,6.38235,6.3869,1.80,1.00
2009.05.27 09:10:31.069,6.38215,6.3869,1.80,1.00
2009.05.27 09:10:31.189,6.38215,6.3874,1.80,1.00
2009.05.27 09:10:31.869,6.3821,6.3874,1.60,1.00
2009.05.27 09:10:34.178,6.38195,6.3869,3.40,1.00
2009.05.27 09:10:34.578,6.38195,6.3869,1.60,1.00
2009.05.27 09:10:35.848,6.3817,6.3869,1.80,1.00
2009.05.27 09:10:36.247,6.38165,6.3869,1.60,1.00
2009.05.27 09:10:37.657,6.3815,6.3869,1.80,1.00
2009.05.27 09:10:37.927,6.3819,6.3878,1.80,1.00
2009.05.27 09:10:39.477,6.3821,6.3878,1.80,1.00
2009.05.27 09:10:40.806,6.38165,6.38765,1.80,1.20
2009.05.27 09:10:41.137,6.38165,6.3877,1.80,1.20
2009.05.27 09:10:42.306,6.38155,6.38755,1.80,1.20
2009.05.27 09:10:43.316,6.38125,6.38725,1.80,1.20
2009.05.27 09:10:44.116,6.3813,6.3873,1.80,1.20
2009.05.27 09:10:45.266,6.381,6.38705,1.80,1.20
2009.05.27 09:10:45.835,6.381,6.387,1.80,1.20
2009.05.27 09:10:46.695,6.38055,6.38625,1.60,1.20
2009.05.27 09:10:47.225,6.38055,6.3856,1.60,1.00
2009.05.27 09:10:50.504,6.3809,6.386,1.60,1.00
2009.05.27 09:10:52.194,6.38015,6.3848,1.60,1.00
2009.05.27 09:10:53.103,6.38045,6.3844,1.60,1.00
2009.05.27 09:10:53.383,6.38,6.3846,1.60,1.00
2009.05.27 09:10:57.542,6.3798,6.385,1.60,1.00
2009.05.27 09:10:57.762,6.38,6.385,1.60,1.00
2009.05.27 09:11:03.971,6.3802,6.3862,1.60,2.20
2009.05.27 09:11:04.251,6.3802,6.3853,1.60,1.00
2009.05.27 09:11:04.891,6.38045,6.3857,1.60,1.00
2009.05.27 09:11:05.370,6.38025,6.3855,1.60,1.00
2009.05.27 09:11:07.620,6.37985,6.3855,1.60,1.00
2009.05.27 09:11:07.800,6.38045,6.3846,1.60,1.00
2009.05.27 09:11:08.070,6.38025,6.3855,1.60,1.00
2009.05.27 09:11:09.620,6.38005,6.3855,1.80,1.00
2009.05.27 09:11:10.139,6.38045,6.3855,1.60,1.00
2009.05.27 09:11:10.299,6.38025,6.3855,1.60,1.00
2009.05.27 09:11:11.659,6.38015,6.3855,1.80,1.00
2009.05.27 09:11:11.999,6.38005,6.386,1.60,2.20
2009.05.27 09:11:12.239,6.3802,6.3851,1.60,1.00
2009.05.27 09:11:12.749,6.3801,6.3851,1.80,1.00
2009.05.27 09:11:12.919,6.3801,6.385,1.80,1.00
2009.05.27 09:11:16.228,6.38,6.385,1.60,1.00
2009.05.27 09:11:17.128,6.38,6.3862,1.60,2.20
2009.05.27 09:11:17.288,6.37995,6.3862,1.80,2.20
2009.05.27 09:11:17.638,6.37995,6.3857,1.80,1.00
2009.05.27 09:11:17.757,6.3801,6.3857,1.80,1.00
2009.05.27 09:11:20.127,6.38005,6.3855,1.80,1.00
2009.05.27 09:11:20.417,6.3803,6.3855,1.80,1.00
2009.05.27 09:11:22.946,6.3809,6.387,1.80,1.00
2009.05.27 09:11:23.466,6.3807,6.3869,1.80,1.20
2009.05.27 09:11:24.686,6.3807,6.3867,1.80,1.80
2009.05.27 09:11:29.285,6.3807,6.3864,1.80,1.00
2009.05.27 09:11:34.963,6.3806,6.3864,1.80,1.00
2009.05.27 09:11:36.343,6.38075,6.3864,1.80,1.00
2009.05.27 09:11:36.913,6.38075,6.3867,1.80,1.00
2009.05.27 09:11:37.383,6.38075,6.3867,1.80,1.00
2009.05.27 09:11:39.532,6.3806,6.38665,1.80,1.20
2009.05.27 09:11:43.181,6.38115,6.3867,1.80,1.00
2009.05.27 09:11:46.281,6.38115,6.3863,1.80,1.00
2009.05.27 09:11:48.440,6.3806,6.38665,1.80,1.20
2009.05.27 09:11:48.610,6.3806,6.3862,1.80,1.00
2009.05.27 09:11:49.080,6.3804,6.3858,1.80,1.00
2009.05.27 09:11:49.490,6.3803,6.3858,1.80,1.00
2009.05.27 09:11:49.670,6.3803,6.3862,1.80,1.00
2009.05.27 09:11:50.300,6.38055,6.3862,1.80,1.00
2009.05.27 09:11:52.069,6.3807,6.3862,1.80,1.00
2009.05.27 09:11:52.189,6.3807,6.3863,1.80,1.00
2009.05.27 09:11:54.039,6.3811,6.3867,1.80,1.00
2009.05.27 09:11:54.719,6.3809,6.3867,1.80,1.00
2009.05.27 09:11:56.058,6.38075,6.3863,1.80,1.00
2009.05.27 09:11:56.578,6.38075,6.3862,1.80,1.00
2009.05.27 09:11:56.748,6.38085,6.3862,1.80,1.00
2009.05.27 09:11:56.918,6.38085,6.3863,1.80,1.00
2009.05.27 09:11:57.388,6.3807,6.3863,1.80,1.00
2009.05.27 09:11:58.168,6.38055,6.3858,1.80,1.00
2009.05.27 09:12:03.087,6.38025,6.3858,1.80,1.00
2009.05.27 09:12:04.066,6.37995,6.3854,1.80,1.00
2009.05.27 09:12:04.636,6.3799,6.3854,1.80,1.00
2009.05.27 09:12:04.926,6.37985,6.3854,1.80,1.00
2009.05.27 09:12:07.506,6.3797,6.3854,1.80,1.00
2009.05.27 09:12:08.016,6.37985,6.3854,1.80,1.00
2009.05.27 09:12:08.075,6.37985,6.3858,1.80,1.00
2009.05.27 09:12:09.945,6.38015,6.3858,1.80,1.00
2009.05.27 09:12:10.466,6.38025,6.3858,1.80,1.00
2009.05.27 09:12:17.443,6.38025,6.3858,1.80,1.00
2009.05.27 09:12:17.683,6.37995,6.3854,1.80,1.00
2009.05.27 09:12:18.083,6.37995,6.3858,1.80,1.00
2009.05.27 09:12:18.523,6.38,6.3858,1.80,1.00
2009.05.27 09:12:19.413,6.38025,6.3858,1.80,1.00
2009.05.27 09:12:19.953,6.38005,6.3858,1.80,1.00
2009.05.27 09:12:20.133,6.38005,6.3854,1.80,1.00
2009.05.27 09:12:21.672,6.38025,6.3858,1.80,1.00
2009.05.27 09:12:23.392,6.38,6.3858,1.80,1.00
2009.05.27 09:12:23.562,6.3804,6.3858,1.80,1.00
2009.05.27 09:12:23.802,6.3804,6.38645,1.80,1.20
2009.05.27 09:12:25.631,6.38045,6.3865,1.80,1.20
2009.05.27 09:12:26.981,6.38035,6.38635,1.80,1.20
2009.05.27 09:12:27.101,6.3804,6.38645,1.80,1.20
2009.05.27 09:12:28.670,6.3805,6.3865,1.80,1.20
2009.05.27 09:12:34.249,6.38095,6.387,1.80,1.20
2009.05.27 09:12:34.899,6.38065,6.3867,1.80,1.20
2009.05.27 09:12:36.539,6.38095,6.387,1.80,1.20
2009.05.27 09:12:38.208,6.3811,6.3871,1.80,1.20
2009.05.27 09:12:38.658,6.3811,6.38715,1.80,1.20
2009.05.27 09:12:40.068,6.3808,6.38685,1.80,1.20
2009.05.27 09:12:40.678,6.38095,6.387,1.80,1.20
2009.05.27 09:12:42.117,6.3807,6.3867,1.80,1.00
2009.05.27 09:12:43.857,6.3804,6.38645,1.80,1.20
2009.05.27 09:12:44.667,6.3806,6.38665,1.80,1.20
2009.05.27 09:12:45.597,6.3805,6.3865,1.80,1.20
2009.05.27 09:12:47.146,6.3806,6.3863,1.80,1.00
2009.05.27 09:12:47.366,6.3806,6.38665,1.80,1.20
2009.05.27 09:12:47.706,6.3805,6.3865,1.80,1.20
2009.05.27 09:12:49.036,6.38055,6.38655,1.80,1.20
2009.05.27 09:12:49.625,6.3805,6.3865,1.80,1.20
2009.05.27 09:12:49.865,6.38025,6.3863,1.80,1.20
2009.05.27 09:12:54.485,6.3805,6.3865,1.80,1.20
2009.05.27 09:12:56.264,6.38075,6.3868,1.80,1.20
2009.05.27 09:12:56.614,6.3807,6.38675,1.80,1.20
2009.05.27 09:12:59.183,6.38095,6.387,1.80,1.20
2009.05.27 09:12:59.643,6.38095,6.3867,1.80,1.00
2009.05.27 09:12:59.813,6.3807,6.38675,1.80,1.20
2009.05.27 09:13:00.693,6.38095,6.387,1.80,1.20
2009.05.27 09:13:01.373,6.3807,6.3867,1.80,1.00
2009.05.27 09:13:05.782,6.38025,6.3863,1.80,2.20
2009.05.27 09:13:08.481,6.3801,6.38615,1.80,1.20
2009.05.27 09:13:09.341,6.3805,6.3863,1.80,1.00
2009.05.27 09:13:09.811,6.37975,6.3858,1.80,2.20
2009.05.27 09:13:10.700,6.3798,6.3858,1.80,1.00
2009.05.27 09:13:11.371,6.3797,6.38575,1.80,1.20
2009.05.27 09:13:12.390,6.37975,6.3858,1.80,2.20
2009.05.27 09:13:16.219,6.379,6.385,1.80,1.20
2009.05.27 09:13:17.539,6.3789,6.3849,1.80,1.00
2009.05.27 09:13:18.388,6.3789,6.38495,1.80,1.20
2009.05.27 09:13:18.889,6.37885,6.3849,1.80,1.20
2009.05.27 09:13:19.708,6.379,6.385,1.80,1.20
2009.05.27 09:13:21.018,6.37905,6.3851,1.80,1.20
2009.05.27 09:13:21.588,6.3791,6.38515,1.80,1.20
2009.05.27 09:13:26.541,6.37915,6.3852,1.80,1.20
2009.05.27 09:13:27.176,6.37955,6.3856,1.80,1.20
2009.05.27 09:13:27.636,6.3796,6.38565,1.80,1.20
2009.05.27 09:13:28.206,6.37965,6.3857,1.80,1.20
2009.05.27 09:13:29.396,6.37935,6.3854,1.80,1.20
2009.05.27 09:13:30.665,6.3793,6.38535,1.80,1.20
2009.05.27 09:13:31.425,6.3791,6.38515,1.80,1.20
2009.05.27 09:13:33.155,6.3792,6.38525,1.80,1.20
2009.05.27 09:13:33.865,6.37935,6.3854,1.80,2.20
2009.05.27 09:13:35.295,6.3792,6.38525,1.80,1.20
2009.05.27 09:13:35.574,6.37935,6.3854,1.80,2.20
2009.05.27 09:13:35.804,6.37935,6.3853,1.80,1.00
2009.05.27 09:13:39.583,6.37935,6.3854,1.80,2.20
2009.05.27 09:13:39.824,6.3794,6.3849,1.80,1.00
2009.05.27 09:13:42.003,6.3793,6.38535,1.80,1.20
2009.05.27 09:13:42.883,6.3794,6.3854,1.80,1.00
2009.05.27 09:13:43.442,6.3792,6.38525,1.80,1.20
2009.05.27 09:13:44.122,6.3794,6.3854,1.80,1.20
2009.05.27 09:13:44.532,6.3794,6.38545,1.80,1.20
2009.05.27 09:13:45.712,6.37935,6.3854,1.80,1.20
2009.05.27 09:13:46.342,6.37945,6.38545,1.80,1.20
2009.05.27 09:13:47.072,6.3793,6.38535,1.80,1.20
2009.05.27 09:13:47.971,6.37935,6.3854,1.80,1.20
2009.05.27 09:13:51.181,6.37955,6.3856,1.80,1.20
2009.05.27 09:13:51.980,6.37945,6.38545,1.80,1.20
2009.05.27 09:13:52.780,6.37935,6.3854,1.80,1.20
2009.05.27 09:13:54.330,6.37945,6.3855,1.80,1.20
2009.05.27 09:13:55.310,6.3794,6.38545,1.80,1.20
2009.05.27 09:13:58.139,6.37965,6.3857,1.80,1.20
2009.05.27 09:14:00.258,6.37955,6.3856,1.80,1.20
2009.05.27 09:14:01.068,6.37945,6.38545,1.80,1.20
2009.05.27 09:14:01.308,6.37955,6.3856,1.80,1.20
2009.05.27 09:14:03.387,6.3796,6.38565,1.80,1.20
2009.05.27 09:14:04.078,6.37965,6.3857,1.80,1.20
2009.05.27 09:14:04.707,6.3799,6.38595,1.80,1.20
2009.05.27 09:14:05.278,6.38005,6.38605,1.80,1.20
2009.05.27 09:14:05.737,6.38005,6.3861,1.80,1.20
2009.05.27 09:14:06.257,6.38015,6.3862,1.80,1.20
2009.05.27 09:14:06.547,6.3799,6.3858,1.80,1.00
2009.05.27 09:14:07.297,6.37985,6.3858,1.80,1.00
2009.05.27 09:14:10.326,6.37965,6.3857,1.80,1.20
2009.05.27 09:14:11.186,6.3795,6.3855,1.80,1.20
2009.05.27 09:14:11.886,6.37985,6.3858,1.80,1.00
2009.05.27 09:14:13.615,6.3797,6.3854,1.80,1.00
2009.05.27 09:14:13.955,6.3797,6.38575,1.80,1.20
2009.05.27 09:14:14.235,6.37965,6.3857,1.80,1.20
2009.05.27 09:14:20.124,6.3797,6.38575,1.80,1.20
2009.05.27 09:14:20.653,6.37985,6.3858,1.80,1.00
2009.05.27 09:14:24.843,6.37985,6.3854,1.80,1.00
2009.05.27 09:14:25.202,6.3795,6.3854,1.80,1.00
2009.05.27 09:14:27.062,6.3794,6.3854,1.80,1.00
2009.05.27 09:14:27.572,6.3794,6.38545,1.80,1.20
2009.05.27 09:14:27.862,6.3795,6.3855,1.80,1.20
2009.05.27 09:14:35.700,6.3798,6.3858,1.80,1.00
2009.05.27 09:14:35.920,6.3798,6.38585,1.80,1.20
2009.05.27 09:14:37.529,6.3798,6.3858,1.80,1.00
2009.05.27 09:14:38.330,6.37965,6.3857,1.80,1.20
2009.05.27 09:14:39.280,6.38005,6.38605,1.80,1.20
2009.05.27 09:14:39.909,6.38005,6.3861,1.80,1.20
2009.05.27 09:14:40.410,6.38005,6.386,1.80,1.00
2009.05.27 09:14:40.819,6.37995,6.386,1.80,1.20
2009.05.27 09:14:44.148,6.38,6.386,1.80,1.20
2009.05.27 09:14:44.378,6.38,6.3858,1.80,1.00
2009.05.27 09:14:44.548,6.37965,6.3857,1.80,1.20
2009.05.27 09:14:46.858,6.37975,6.3858,1.80,2.20
2009.05.27 09:14:50.347,6.37975,6.3854,1.80,1.00
2009.05.27 09:14:51.107,6.3796,6.3854,1.80,1.00
2009.05.27 09:14:52.526,6.37895,6.385,1.80,2.20
2009.05.27 09:14:54.756,6.37895,6.3844,1.80,1.00
2009.05.27 09:14:55.886,6.379,6.3844,1.80,1.00
2009.05.27 09:14:58.835,6.37895,6.3844,1.80,1.00
2009.05.27 09:14:59.685,6.3789,6.3844,1.80,1.00
2009.05.27 09:15:01.724,6.3788,6.3844,1.80,1.00
2009.05.27 09:15:04.314,6.3789,6.3844,1.80,1.00
2009.05.27 09:15:05.933,6.379,6.3844,1.80,1.00
2009.05.27 09:15:06.274,6.379,6.3849,1.80,1.00
2009.05.27 09:15:06.503,6.3797,6.3849,1.80,1.00
2009.05.27 09:15:07.105,6.3797,6.3854,1.80,1.00
2009.05.27 09:15:07.223,6.37985,6.3858,1.80,1.00
2009.05.27 09:15:07.803,6.37985,6.3854,1.80,1.00
2009.05.27 09:15:08.273,6.3798,6.3854,1.80,1.00
2009.05.27 09:15:08.612,6.37945,6.3855,1.80,1.20
2009.05.27 09:15:09.123,6.3795,6.38555,1.80,1.20
2009.05.27 09:15:12.172,6.3795,6.3853,1.80,1.00
2009.05.27 09:15:13.032,6.3794,6.3853,1.80,1.00
2009.05.27 09:15:14.251,6.37945,6.3853,1.80,1.00
2009.05.27 09:15:16.161,6.37945,6.3849,1.80,1.00
2009.05.27 09:15:16.441,6.3793,6.3849,1.80,1.00
2009.05.27 09:15:16.680,6.3793,6.3853,1.80,1.00
2009.05.27 09:15:17.540,6.3794,6.3853,1.80,1.00
2009.05.27 09:15:17.830,6.37955,6.3853,1.80,1.00
2009.05.27 09:15:18.410,6.3794,6.3849,1.80,1.00
2009.05.27 09:15:20.480,6.3791,6.3844,1.80,1.00
2009.05.27 09:15:21.110,6.37905,6.3844,1.80,1.00
2009.05.27 09:15:22.089,6.379,6.3844,1.80,1.00
2009.05.27 09:15:23.849,6.37905,6.3844,1.80,1.00
2009.05.27 09:15:26.308,6.3789,6.3844,1.80,1.00
2009.05.27 09:15:33.267,6.379,6.3844,1.80,1.00
2009.05.27 09:15:35.838,6.3791,6.3851,1.80,1.20
2009.05.27 09:15:36.306,6.37955,6.3849,1.80,1.00
2009.05.27 09:15:36.426,6.37955,6.3853,1.80,1.00
2009.05.27 09:15:38.695,6.37975,6.3853,1.80,1.00
2009.05.27 09:15:43.364,6.3797,6.3853,1.80,1.00
2009.05.27 09:15:45.744,6.37975,6.3853,1.80,1.00
2009.05.27 09:15:46.943,6.37955,6.3849,1.80,1.00
2009.05.27 09:15:47.103,6.37955,6.3853,1.80,1.00
2009.05.27 09:15:48.023,6.37965,6.3853,1.80,1.00
2009.05.27 09:15:48.823,6.37955,6.3853,1.80,1.00
2009.05.27 09:15:49.043,6.37955,6.3849,1.80,1.00
2009.05.27 09:15:49.223,6.37935,6.3849,1.80,1.00
2009.05.27 09:15:51.292,6.37945,6.3849,1.80,1.00
2009.05.27 09:15:53.032,6.37955,6.3849,1.80,1.00
2009.05.27 09:15:56.741,6.3799,6.3854,1.80,1.00
2009.05.27 09:15:57.551,6.37985,6.3854,1.80,1.00
2009.05.27 09:15:59.370,6.37985,6.3853,1.80,1.00
2009.05.27 09:15:59.660,6.37975,6.3853,1.80,1.00
2009.05.27 09:16:01.300,6.37955,6.3849,1.80,1.00
2009.05.27 09:16:05.939,6.3801,6.3858,1.80,1.00
2009.05.27 09:16:06.619,6.38025,6.3858,1.80,1.00
2009.05.27 09:16:09.098,6.38005,6.3858,1.80,1.00
2009.05.27 09:16:14.207,6.37975,6.3853,1.80,1.00
2009.05.27 09:16:15.316,6.3798,6.3858,1.80,1.00
2009.05.27 09:16:15.656,6.3798,6.3853,1.80,1.00
2009.05.27 09:16:20.695,6.3794,6.3849,1.80,1.00
2009.05.27 09:16:23.035,6.3793,6.3849,1.80,1.00
2009.05.27 09:16:23.654,6.37945,6.3849,1.80,1.00
2009.05.27 09:16:33.532,6.3794,6.3849,1.80,1.00
2009.05.27 09:16:34.812,6.37935,6.3849,1.80,1.00
2009.05.27 09:16:35.152,6.37935,6.3844,1.80,1.00
2009.05.27 09:16:35.611,6.37895,6.3844,1.80,1.00
2009.05.27 09:16:36.811,6.37885,6.3844,1.80,1.00
2009.05.27 09:16:37.551,6.3788,6.3844,1.80,1.00
2009.05.27 09:16:39.741,6.3788,6.3842,1.80,1.00
2009.05.27 09:16:39.921,6.3788,6.3842,1.80,1.00
2009.05.27 09:16:41.880,6.3788,6.3842,1.80,1.00
2009.05.27 09:16:42.050,6.3787,6.3842,1.80,1.00
2009.05.27 09:16:42.550,6.3785,6.384,1.80,1.00
2009.05.27 09:16:43.400,6.3788,6.384,1.80,1.00
2009.05.27 09:16:43.750,6.3788,6.3842,1.80,1.00
2009.05.27 09:16:44.090,6.37855,6.3842,1.80,1.00
2009.05.27 09:16:44.380,6.37795,6.3833,1.80,1.00
2009.05.27 09:16:44.899,6.378,6.3833,1.80,1.00
2009.05.27 09:16:45.349,6.37795,6.3833,1.80,1.00
2009.05.27 09:16:46.789,6.37825,6.3831,1.80,1.00
2009.05.27 09:16:47.309,6.37825,6.3835,1.80,1.00
2009.05.27 09:16:47.489,6.37855,6.3848,1.80,2.20
2009.05.27 09:16:47.829,6.37855,6.3833,1.80,1.00
2009.05.27 09:16:48.289,6.3784,6.3837,1.80,1.00
2009.05.27 09:16:49.058,6.37835,6.3831,1.80,1.00
2009.05.27 09:16:49.648,6.37855,6.3835,1.80,1.00
2009.05.27 09:16:53.137,6.37835,6.3835,1.80,1.00
2009.05.27 09:16:53.467,6.37835,6.3836,1.80,1.00
2009.05.27 09:16:54.987,6.37855,6.3835,1.80,1.00
2009.05.27 09:16:57.226,6.37855,6.3848,1.80,2.20
2009.05.27 09:16:57.706,6.37875,6.3838,1.80,1.00
2009.05.27 09:16:57.996,6.37875,6.3837,1.80,1.00
2009.05.27 09:16:59.206,6.3787,6.3836,1.80,1.00
2009.05.27 09:17:03.625,6.3787,6.3835,1.80,1.00
2009.05.27 09:17:03.965,6.37855,6.3835,1.80,1.00
2009.05.27 09:17:04.805,6.3787,6.3836,1.80,1.00
2009.05.27 09:17:05.104,6.3787,6.3835,1.80,1.00
2009.05.27 09:17:05.804,6.37835,6.3831,1.80,1.00
2009.05.27 09:17:08.863,6.3784,6.3835,1.80,1.00
2009.05.27 09:17:09.363,6.3786,6.3835,1.80,1.00
2009.05.27 09:17:09.763,6.3786,6.3836,1.80,1.00
2009.05.27 09:17:10.333,6.3788,6.3836,1.80,1.00
2009.05.27 09:17:15.542,6.37865,6.3836,1.80,1.00
2009.05.27 09:17:17.481,6.3785,6.3836,1.80,1.00
2009.05.27 09:17:17.531,6.3785,6.3835,1.80,1.00
2009.05.27 09:17:19.901,6.3787,6.3836,1.80,1.00
2009.05.27 09:17:20.131,6.3787,6.3835,1.80,1.00
2009.05.27 09:17:21.530,6.37845,6.3847,1.80,2.20
2009.05.27 09:17:21.920,6.37835,6.3833,1.80,1.00
2009.05.27 09:17:22.270,6.37835,6.3837,1.80,1.00
2009.05.27 09:17:23.070,6.37835,6.3836,1.80,1.00
2009.05.27 09:17:23.310,6.3786,6.3836,1.80,1.00
2009.05.27 09:17:23.660,6.3785,6.3836,1.80,1.00
2009.05.27 09:17:23.880,6.3785,6.3835,1.80,1.00
2009.05.27 09:17:24.649,6.37855,6.3848,1.80,2.20
2009.05.27 09:17:25.300,6.3786,6.3837,1.80,1.00
2009.05.27 09:17:29.309,6.3786,6.3836,1.80,1.00
2009.05.27 09:17:29.429,6.37855,6.3848,1.80,2.20
2009.05.27 09:17:29.669,6.37855,6.3837,1.80,1.00
2009.05.27 09:17:30.018,6.3784,6.3837,1.80,1.00
2009.05.27 09:17:38.577,6.3778,6.3826,1.80,1.00
2009.05.27 09:17:38.997,6.3778,6.3831,1.80,1.00
2009.05.27 09:17:39.676,6.3779,6.383,1.80,1.00
2009.05.27 09:17:40.236,6.37785,6.383,1.80,1.00
2009.05.27 09:17:41.046,6.3779,6.3831,1.80,1.00
2009.05.27 09:17:41.866,6.37805,6.3843,1.80,2.20
2009.05.27 09:17:45.705,6.378,6.3829,1.80,1.00
2009.05.27 09:17:45.935,6.3777,6.3829,1.80,1.00
2009.05.27 09:17:46.835,6.37795,6.3827,1.80,1.00
2009.05.27 09:17:47.654,6.37775,6.3823,1.80,1.00
2009.05.27 09:17:50.053,6.37775,6.3827,1.80,1.00
2009.05.27 09:17:50.274,6.378,6.3827,1.80,1.00
2009.05.27 09:17:53.993,6.37775,6.3827,1.80,1.00
2009.05.27 09:17:54.672,6.37795,6.3827,1.80,1.00
2009.05.27 09:17:55.372,6.37775,6.3827,1.80,1.00
2009.05.27 09:17:56.082,6.37745,6.3827,1.80,1.00
2009.05.27 09:17:56.432,6.3775,6.3827,1.80,1.00
2009.05.27 09:17:57.302,6.3777,6.3839,1.80,2.20
2009.05.27 09:17:57.472,6.3777,6.3825,1.80,1.00
2009.05.27 09:17:57.922,6.3777,6.3839,1.80,2.20
2009.05.27 09:17:58.222,6.37715,6.3828,1.80,1.00
2009.05.27 09:17:58.862,6.3769,6.3831,1.80,2.20
2009.05.27 09:17:59.901,6.3767,6.38275,1.80,1.20
2009.05.27 09:18:01.511,6.37685,6.38285,1.80,1.20
2009.05.27 09:18:04.180,6.3768,6.38285,1.80,1.20
2009.05.27 09:18:07.030,6.37665,6.38265,1.80,1.20
2009.05.27 09:18:07.839,6.37675,6.3828,1.80,1.20
2009.05.27 09:18:08.499,6.37645,6.3825,1.80,1.20
2009.05.27 09:18:09.079,6.3764,6.38245,1.80,1.20
2009.05.27 09:18:09.659,6.37635,6.3824,1.80,1.20
2009.05.27 09:18:11.629,6.37595,6.382,1.80,1.20
2009.05.27 09:18:12.488,6.3758,6.38185,1.80,1.20
2009.05.27 09:18:13.488,6.37595,6.382,1.80,1.20
2009.05.27 09:18:15.227,6.37605,6.3821,1.80,1.20
2009.05.27 09:18:15.557,6.3761,6.38215,1.80,1.20
2009.05.27 09:18:17.437,6.37585,6.3819,1.80,1.20
2009.05.27 09:18:18.337,6.37605,6.3821,1.80,1.20
2009.05.27 09:18:21.406,6.37565,6.38165,1.80,1.20
2009.05.27 09:18:22.216,6.3755,6.38155,1.80,1.20
2009.05.27 09:18:23.326,6.37555,6.3816,1.80,1.20
2009.05.27 09:18:28.704,6.37585,6.3819,1.80,1.20
2009.05.27 09:18:30.294,6.37595,6.382,1.80,1.20
2009.05.27 09:18:31.544,6.37585,6.3819,1.80,1.20
2009.05.27 09:18:32.184,6.37565,6.38165,1.80,1.20
2009.05.27 09:18:32.584,6.37585,6.3819,1.80,1.20
2009.05.27 09:18:33.453,6.3753,6.38135,1.80,1.20
2009.05.27 09:18:34.094,6.3752,6.38125,1.80,1.20
2009.05.27 09:18:35.193,6.37515,6.3812,1.80,1.20
2009.05.27 09:18:35.953,6.37515,6.38115,1.80,1.20
2009.05.27 09:18:36.532,6.376,6.382,1.80,2.20
2009.05.27 09:18:36.872,6.376,6.382,1.80,1.20
2009.05.27 09:18:37.202,6.3762,6.38225,1.80,1.20
2009.05.27 09:18:37.542,6.3764,6.38245,1.80,1.20
2009.05.27 09:18:45.910,6.37635,6.38235,1.80,1.20
2009.05.27 09:18:47.740,6.37635,6.3821,1.80,1.00
2009.05.27 09:18:48.040,6.37645,6.3821,1.80,1.00
2009.05.27 09:18:54.158,6.37635,6.3821,1.80,1.00
2009.05.27 09:18:54.688,6.3765,6.3825,1.80,2.20
2009.05.27 09:18:56.558,6.37675,6.3825,1.80,1.00
2009.05.27 09:19:00.566,6.37685,6.38285,1.80,1.20
2009.05.27 09:19:00.797,6.37695,6.383,1.80,2.20
2009.05.27 09:19:01.666,6.37745,6.383,1.80,1.00
2009.05.27 09:19:02.756,6.3775,6.383,1.80,1.00
2009.05.27 09:19:03.706,6.3776,6.3834,1.80,1.00
2009.05.27 09:19:04.066,6.37755,6.3834,1.80,1.00
2009.05.27 09:19:04.246,6.37755,6.383,1.80,1.00
2009.05.27 09:19:04.426,6.37745,6.383,1.80,1.00
2009.05.27 09:19:04.656,6.37745,6.3835,1.80,2.20
2009.05.27 09:19:11.944,6.37765,6.3834,1.80,1.00
2009.05.27 09:19:12.064,6.37775,6.3834,1.80,1.00
2009.05.27 09:19:12.804,6.37745,6.383,1.80,1.00
2009.05.27 09:19:13.324,6.37745,6.3834,1.80,1.00
2009.05.27 09:19:15.703,6.3774,6.383,1.80,1.00
2009.05.27 09:19:17.563,6.3775,6.3834,1.80,1.00
2009.05.27 09:19:18.992,6.37745,6.3834,1.80,1.00
2009.05.27 09:19:22.741,6.3775,6.3834,1.80,1.00
2009.05.27 09:19:25.991,6.37775,6.3835,1.80,1.00
2009.05.27 09:19:28.400,6.37755,6.383,1.80,1.00
2009.05.27 09:19:29.130,6.3775,6.383,1.80,1.00
2009.05.27 09:19:30.569,6.37775,6.383,1.80,1.00
2009.05.27 09:19:31.209,6.37775,6.3834,1.80,1.00
2009.05.27 09:19:31.969,6.37795,6.3835,1.80,1.00
2009.05.27 09:19:32.149,6.3776,6.3835,1.80,1.00
2009.05.27 09:19:35.118,6.3775,6.383,1.80,1.00
2009.05.27 09:19:35.798,6.3774,6.383,1.80,1.00
2009.05.27 09:19:36.188,6.37745,6.383,1.80,1.00
2009.05.27 09:19:37.268,6.37755,6.383,1.80,1.00
2009.05.27 09:19:39.027,6.3779,6.383,1.80,1.00
2009.05.27 09:19:39.147,6.3779,6.3834,1.80,1.00
2009.05.27 09:19:39.817,6.37805,6.3834,1.80,1.00
2009.05.27 09:19:40.267,6.3779,6.3834,1.80,1.00
2009.05.27 09:19:40.727,6.3779,6.3835,1.80,1.00
2009.05.27 09:19:41.567,6.37785,6.3827,1.80,1.00
2009.05.27 09:19:41.867,6.3775,6.3827,1.80,1.00
2009.05.27 09:19:43.246,6.3773,6.382,1.80,1.00
2009.05.27 09:19:51.255,6.3771,6.382,1.80,1.00
2009.05.27 09:19:54.744,6.37705,6.382,1.80,1.00
2009.05.27 09:19:56.033,6.3771,6.382,1.80,1.00
2009.05.27 09:19:57.134,6.3772,6.382,1.80,1.00
2009.05.27 09:20:01.682,6.3773,6.3818,1.80,1.00
2009.05.27 09:20:01.842,6.3773,6.3825,1.80,1.00
2009.05.27 09:20:02.562,6.37715,6.3825,1.80,1.00
2009.05.27 09:20:04.002,6.37755,6.3825,1.80,1.00
2009.05.27 09:20:04.351,6.37755,6.382,1.80,1.00
2009.05.27 09:20:04.642,6.3772,6.382,1.80,1.00
2009.05.27 09:20:07.260,6.3772,6.3821,1.80,1.00
2009.05.27 09:20:08.540,6.3772,6.3825,1.80,1.00
2009.05.27 09:20:08.820,6.3773,6.3825,1.80,1.00
2009.05.27 09:20:09.680,6.3775,6.3825,1.80,1.00
2009.05.27 09:20:22.367,6.37745,6.3821,1.60,1.00
2009.05.27 09:20:22.607,6.37745,6.3825,1.60,1.00
2009.05.27 09:20:23.367,6.37755,6.3825,1.80,1.00
2009.05.27 09:20:25.076,6.37745,6.3825,1.60,1.00
2009.05.27 09:20:25.257,6.37745,6.3825,3.20,1.00
2009.05.27 09:20:25.426,6.37785,6.38345,1.60,1.20
2009.05.27 09:20:25.596,6.37795,6.3835,1.80,1.00
2009.05.27 09:20:26.686,6.37795,6.3834,1.80,1.00
2009.05.27 09:20:27.146,6.3779,6.3834,1.80,1.00
2009.05.27 09:20:27.416,6.3779,6.383,1.80,1.00
2009.05.27 09:20:27.596,6.3779,6.3834,1.80,1.00
2009.05.27 09:20:29.105,6.37775,6.383,1.80,1.00
2009.05.27 09:20:29.605,6.3777,6.383,1.80,1.00
2009.05.27 09:20:31.235,6.37755,6.383,1.80,1.00
2009.05.27 09:20:31.995,6.3774,6.383,3.40,1.00
2009.05.27 09:20:32.406,6.3774,6.3825,1.80,1.00
2009.05.27 09:20:32.695,6.37715,6.3825,1.80,1.00
2009.05.27 09:20:33.265,6.37715,6.383,3.40,2.40
2009.05.27 09:20:33.545,6.3772,6.383,1.80,1.00
2009.05.27 09:20:33.954,6.37725,6.383,1.80,1.00
2009.05.27 09:20:34.584,6.3771,6.3825,1.80,1.00
2009.05.27 09:20:36.024,6.3773,6.3826,1.80,1.00
2009.05.27 09:20:36.763,6.3774,6.383,3.40,1.00
2009.05.27 09:20:38.063,6.3776,6.383,1.60,1.00
2009.05.27 09:20:38.503,6.37765,6.383,1.80,1.00
2009.05.27 09:20:39.423,6.37795,6.383,1.80,1.00
2009.05.27 09:20:39.763,6.3782,6.3832,1.80,1.00
2009.05.27 09:20:40.153,6.3782,6.3835,1.80,1.00
2009.05.27 09:20:40.453,6.3785,6.38425,1.60,1.20
2009.05.27 09:20:40.853,6.3782,6.3835,1.80,1.00
2009.05.27 09:20:41.212,6.37875,6.3842,1.60,1.60
2009.05.27 09:20:41.652,6.37875,6.3839,1.60,1.00
2009.05.27 09:20:41.943,6.37875,6.3844,1.60,1.00
2009.05.27 09:20:43.152,6.37875,6.3839,1.60,1.00
2009.05.27 09:20:43.792,6.37865,6.3839,1.80,1.00
2009.05.27 09:20:44.382,6.3783,6.3835,1.80,1.00
2009.05.27 09:20:44.602,6.3783,6.3834,1.80,1.00
2009.05.27 09:20:45.122,6.3779,6.3834,1.80,1.00
2009.05.27 09:20:45.301,6.3779,6.383,1.80,1.00
2009.05.27 09:20:45.661,6.3776,6.383,3.40,1.00
2009.05.27 09:20:46.061,6.3776,6.383,1.80,1.00
2009.05.27 09:20:46.851,6.3776,6.383,3.40,1.00
2009.05.27 09:20:47.491,6.3778,6.383,1.80,1.00
2009.05.27 09:20:48.081,6.3778,6.3835,1.80,1.00
2009.05.27 09:20:48.491,6.37805,6.3841,1.80,1.20
2009.05.27 09:20:48.671,6.37925,6.3849,1.80,1.00
2009.05.27 09:20:48.961,6.37925,6.3852,1.80,1.00
2009.05.27 09:20:49.191,6.37935,6.3852,1.80,1.00
2009.05.27 09:20:49.770,6.37955,6.38555,1.80,1.60
2009.05.27 09:20:50.110,6.37965,6.3857,1.80,2.20
2009.05.27 09:20:50.580,6.3799,6.3857,1.80,1.00
2009.05.27 09:20:52.290,6.37975,6.3857,1.80,1.00
2009.05.27 09:20:52.700,6.37965,6.3857,1.80,2.20
2009.05.27 09:21:00.778,6.38035,6.3861,1.80,1.00
2009.05.27 09:21:01.018,6.38035,6.3857,1.80,1.00
2009.05.27 09:21:01.307,6.38035,6.3861,1.80,1.00
2009.05.27 09:21:01.698,6.3801,6.3861,1.80,1.00
2009.05.27 09:21:03.677,6.38025,6.3861,1.60,1.00
2009.05.27 09:21:05.467,6.38045,6.3862,1.60,1.00
2009.05.27 09:21:09.426,6.38035,6.3862,1.80,1.00
2009.05.27 09:21:09.486,6.38035,6.3861,1.80,1.00
2009.05.27 09:21:20.213,6.3798,6.3856,1.60,1.20
2009.05.27 09:21:21.893,6.38,6.3857,1.60,1.00
2009.05.27 09:21:22.073,6.3799,6.3852,1.80,1.00
2009.05.27 09:21:22.402,6.3799,6.38565,1.80,1.60
2009.05.27 09:21:22.902,6.3799,6.3857,1.80,1.00
2009.05.27 09:21:23.482,6.3798,6.3857,1.60,2.20
2009.05.27 09:21:23.892,6.37965,6.3857,1.80,2.20
2009.05.27 09:21:24.132,6.37965,6.3856,1.80,1.00
2009.05.27 09:21:24.302,6.3796,6.3852,1.80,1.00
2009.05.27 09:21:27.961,6.3794,6.3852,1.80,1.00
2009.05.27 09:21:28.301,6.3794,6.3848,1.80,1.00
2009.05.27 09:21:28.541,6.37915,6.3848,1.60,1.00
2009.05.27 09:21:29.641,6.3791,6.3848,1.80,1.00
2009.05.27 09:21:29.971,6.37895,6.3848,1.80,1.00
2009.05.27 09:21:30.301,6.3789,6.3848,1.60,1.00
2009.05.27 09:21:30.940,6.37905,6.3848,1.60,2.20
2009.05.27 09:21:31.220,6.37875,6.3848,1.80,2.20
2009.05.27 09:21:31.501,6.3787,6.3843,1.80,1.00
2009.05.27 09:21:34.129,6.3787,6.3846,1.80,1.00
2009.05.27 09:21:34.300,6.37875,6.3846,1.60,1.00
2009.05.27 09:21:34.530,6.3789,6.3848,1.80,2.40
2009.05.27 09:21:34.870,6.3789,6.3848,1.80,1.00
2009.05.27 09:21:35.099,6.3791,6.3848,1.80,1.00
2009.05.27 09:21:36.369,6.37915,6.3848,1.80,1.00
2009.05.27 09:21:36.829,6.37915,6.3851,1.80,1.60
2009.05.27 09:21:36.939,6.37915,6.3852,1.80,2.20
2009.05.27 09:21:37.469,6.3793,6.3852,1.80,1.00
2009.05.27 09:21:38.699,6.3793,6.3848,1.80,1.00
2009.05.27 09:21:39.058,6.3791,6.38515,1.80,1.20
2009.05.27 09:21:41.378,6.3791,6.3848,1.80,1.00
2009.05.27 09:21:41.848,6.37915,6.3848,1.80,1.00
2009.05.27 09:21:50.516,6.37925,6.3852,1.80,1.00
2009.05.27 09:21:52.855,6.37905,6.3848,1.80,1.00
2009.05.27 09:21:53.325,6.37905,6.3851,1.80,1.20
2009.05.27 09:21:53.485,6.37925,6.3852,1.80,1.00
2009.05.27 09:21:54.735,6.37905,6.3848,1.80,1.00
2009.05.27 09:21:54.895,6.37925,6.3851,1.60,1.20
2009.05.27 09:21:55.074,6.3799,6.38595,1.80,1.20
2009.05.27 09:21:55.595,6.37995,6.386,1.80,2.80
2009.05.27 09:22:01.273,6.3798,6.3858,1.80,1.20
2009.05.27 09:22:01.613,6.37995,6.386,1.80,2.80
2009.05.27 09:22:01.953,6.37995,6.38585,1.80,1.60
2009.05.27 09:22:02.473,6.37985,6.38585,1.80,1.60
2009.05.27 09:22:03.233,6.37985,6.38585,1.80,2.80
2009.05.27 09:22:03.972,6.37975,6.3858,1.80,1.20
2009.05.27 09:22:05.292,6.37985,6.3859,1.80,1.20
2009.05.27 09:22:09.131,6.3801,6.3853,1.80,1.00
2009.05.27 09:22:09.631,6.3803,6.3853,1.80,1.00
2009.05.27 09:22:10.401,6.3804,6.3853,1.80,1.00
2009.05.27 09:22:11.320,6.38025,6.3853,1.80,1.00
2009.05.27 09:22:12.130,6.3803,6.3853,1.80,1.00
2009.05.27 09:22:12.671,6.38015,6.3853,1.80,1.00
2009.05.27 09:22:12.900,6.38015,6.3857,1.80,1.00
2009.05.27 09:22:12.960,6.3803,6.3857,1.60,1.00
2009.05.27 09:22:13.131,6.3803,6.3858,1.60,1.00
2009.05.27 09:22:13.241,6.38045,6.3858,1.80,1.00
2009.05.27 09:22:14.850,6.3805,6.3858,1.60,1.00
2009.05.27 09:22:15.140,6.3808,6.387,1.80,2.20
2009.05.27 09:22:16.319,6.38055,6.386,1.80,1.00
2009.05.27 09:22:17.489,6.3808,6.387,1.80,2.20
2009.05.27 09:22:21.348,6.38025,6.3848,3.40,1.00
2009.05.27 09:22:26.197,6.38025,6.3844,1.80,1.00
2009.05.27 09:22:26.597,6.38015,6.3844,1.80,1.00
2009.05.27 09:22:26.957,6.37985,6.3844,3.40,1.00
2009.05.27 09:22:27.757,6.37985,6.3844,1.60,1.00
2009.05.27 09:22:28.766,6.3798,6.3844,1.80,1.00
2009.05.27 09:22:29.166,6.3797,6.3844,1.80,1.00
2009.05.27 09:22:29.326,6.3797,6.3839,1.80,1.00
2009.05.27 09:22:29.856,6.37975,6.384,1.60,1.00
2009.05.27 09:22:38.464,6.37965,6.3835,1.60,1.00
2009.05.27 09:22:39.864,6.37945,6.3835,1.60,1.00
2009.05.27 09:22:41.583,6.37945,6.3839,1.60,1.00
2009.05.27 09:22:41.863,6.37965,6.3839,1.60,1.00
2009.05.27 09:22:42.213,6.3799,6.3839,1.60,1.00
2009.05.27 09:22:48.632,6.3795,6.3839,1.60,1.00
2009.05.27 09:22:48.862,6.3795,6.3835,1.60,1.00
2009.05.27 09:22:50.841,6.3793,6.3831,1.60,1.00
2009.05.27 09:22:51.671,6.3793,6.383,1.60,1.00
2009.05.27 09:23:04.438,6.3793,6.3831,1.60,1.00
2009.05.27 09:23:04.608,6.3796,6.3831,1.60,1.00
2009.05.27 09:23:04.788,6.3796,6.3835,1.60,1.00
2009.05.27 09:23:05.138,6.37995,6.3851,1.60,2.20
2009.05.27 09:23:05.438,6.38025,6.3855,1.60,1.00
2009.05.27 09:23:05.787,6.38045,6.3855,1.80,1.00
2009.05.27 09:23:06.127,6.3807,6.386,1.60,1.00
2009.05.27 09:23:06.467,6.38085,6.3858,1.60,1.00
2009.05.27 09:23:07.037,6.3809,6.3858,1.80,1.00
2009.05.27 09:23:13.386,6.38115,6.3858,1.60,1.00
2009.05.27 09:23:13.666,6.38115,6.3862,1.60,1.00
2009.05.27 09:23:17.755,6.3813,6.3862,1.60,1.00
2009.05.27 09:23:17.985,6.3813,6.3863,1.60,1.00
2009.05.27 09:23:18.385,6.3813,6.3875,1.60,2.20
2009.05.27 09:23:20.394,6.38125,6.3873,1.80,2.20
2009.05.27 09:23:20.564,6.38125,6.3864,1.80,1.00
2009.05.27 09:23:20.854,6.38115,6.3864,1.60,1.00
2009.05.27 09:23:23.754,6.3813,6.3863,1.60,1.00
2009.05.27 09:23:35.120,6.3813,6.3862,1.60,1.00
2009.05.27 09:23:35.350,6.3813,6.3863,1.60,1.00
2009.05.27 09:23:37.370,6.38175,6.3867,1.60,1.00
2009.05.27 09:23:37.420,6.3816,6.3867,3.40,1.00
2009.05.27 09:23:37.890,6.3816,6.3871,3.40,1.00
2009.05.27 09:23:38.240,6.3816,6.3867,3.40,1.00
2009.05.27 09:23:38.879,6.3817,6.3867,1.80,1.00
2009.05.27 09:23:39.109,6.3818,6.3867,1.60,1.00
2009.05.27 09:23:39.380,6.38145,6.3873,1.60,2.20
2009.05.27 09:23:40.129,6.3816,6.3867,1.60,1.00
2009.05.27 09:23:42.309,6.3817,6.3867,1.60,1.00
2009.05.27 09:23:50.657,6.38235,6.3877,1.60,1.00
2009.05.27 09:23:51.017,6.38245,6.3877,1.80,1.00
2009.05.27 09:23:51.497,6.3825,6.3877,1.80,1.00
2009.05.27 09:23:52.556,6.3822,6.3877,1.80,1.00
2009.05.27 09:23:52.966,6.3823,6.3877,1.60,1.00
2009.05.27 09:23:53.126,6.3824,6.3877,1.60,1.00
2009.05.27 09:23:55.066,6.38245,6.3877,1.80,1.00
2009.05.27 09:23:55.656,6.38255,6.3877,1.80,1.00
2009.05.27 09:23:56.056,6.38255,6.3875,1.80,1.00
2009.05.27 09:23:56.345,6.38285,6.3882,1.60,1.00
2009.05.27 09:23:56.755,6.38265,6.3882,1.60,1.00
2009.05.27 09:23:57.395,6.38265,6.3882,3.40,1.00
2009.05.27 09:23:57.615,6.38285,6.3882,1.60,1.00
2009.05.27 09:23:58.195,6.3829,6.3882,1.60,1.00
2009.05.27 09:24:00.364,6.3827,6.3882,1.80,1.00
2009.05.27 09:24:01.064,6.3829,6.3882,1.60,1.00
2009.05.27 09:24:01.404,6.3829,6.3882,3.40,1.00
2009.05.27 09:24:03.034,6.3831,6.3886,1.60,1.00
2009.05.27 09:24:03.614,6.38335,6.3886,1.80,1.00
2009.05.27 09:24:04.143,6.38355,6.3886,1.60,1.00
2009.05.27 09:24:04.373,6.38355,6.3891,1.60,1.00
2009.05.27 09:24:04.703,6.3836,6.3891,1.80,1.00
2009.05.27 09:24:05.483,6.38365,6.3891,1.80,1.00
2009.05.27 09:24:08.102,6.3835,6.3886,1.80,1.00
2009.05.27 09:24:08.393,6.38315,6.3892,1.80,2.20
2009.05.27 09:24:08.682,6.38315,6.3886,1.80,1.00
2009.05.27 09:24:09.012,6.38285,6.3886,1.80,1.00
2009.05.27 09:24:09.242,6.38295,6.3886,1.60,1.00
2009.05.27 09:24:10.292,6.3834,6.3886,1.80,1.00
2009.05.27 09:24:10.682,6.38335,6.3886,1.80,1.00
2009.05.27 09:24:11.652,6.3836,6.3886,1.60,1.00
2009.05.27 09:24:12.002,6.38375,6.3891,1.80,1.00
2009.05.27 09:24:12.481,6.38375,6.3886,1.80,1.00
2009.05.27 09:24:12.532,6.38345,6.3886,1.80,1.00
2009.05.27 09:24:13.171,6.3836,6.3891,1.80,1.00
2009.05.27 09:24:16.491,6.3836,6.3891,3.40,1.00
2009.05.27 09:24:16.670,6.3838,6.3891,1.80,1.00
2009.05.27 09:24:17.300,6.3838,6.3886,1.80,1.00
2009.05.27 09:24:17.651,6.3838,6.389,1.80,1.00
2009.05.27 09:24:17.830,6.38355,6.389,1.80,1.00
2009.05.27 09:24:18.870,6.3838,6.3891,1.80,1.00
2009.05.27 09:24:19.510,6.3838,6.3886,1.80,1.00
2009.05.27 09:24:19.801,6.38355,6.3886,1.80,1.00
2009.05.27 09:24:23.699,6.3838,6.3886,1.80,1.00
2009.05.27 09:24:23.989,6.38345,6.3886,1.80,1.00
2009.05.27 09:24:24.569,6.3837,6.3889,1.80,1.00
2009.05.27 09:24:24.848,6.3837,6.3886,1.80,1.00
2009.05.27 09:24:25.308,6.3836,6.3891,1.80,1.00
2009.05.27 09:24:25.658,6.38365,6.3891,1.80,1.00
2009.05.27 09:24:26.058,6.38375,6.3891,1.80,1.00
2009.05.27 09:24:26.468,6.38405,6.3895,1.80,1.00
2009.05.27 09:24:30.407,6.38405,6.3891,1.80,1.00
2009.05.27 09:24:32.407,6.3839,6.3891,1.80,1.00
2009.05.27 09:24:32.756,6.3839,6.3886,1.80,1.00
2009.05.27 09:24:33.276,6.3838,6.3891,1.80,1.00
2009.05.27 09:24:34.196,6.384,6.3891,1.80,1.00
2009.05.27 09:24:35.536,6.3839,6.3891,1.80,1.00
2009.05.27 09:24:36.266,6.38395,6.3891,1.80,1.00
2009.05.27 09:24:36.786,6.38395,6.3895,1.80,1.00
2009.05.27 09:24:36.906,6.38405,6.3895,1.80,1.00
2009.05.27 09:24:42.704,6.38405,6.3901,1.80,2.20
2009.05.27 09:24:42.984,6.3839,6.3893,1.80,1.00
2009.05.27 09:24:43.394,6.38395,6.3893,1.80,1.00
2009.05.27 09:24:44.134,6.38365,6.3891,1.80,1.00
2009.05.27 09:24:45.913,6.3838,6.3891,1.80,1.00
2009.05.27 09:24:47.383,6.38455,6.3891,1.60,1.00
2009.05.27 09:24:47.773,6.38455,6.3895,1.60,1.00
2009.05.27 09:24:48.123,6.3845,6.3895,1.80,1.00
2009.05.27 09:24:49.093,6.3843,6.3895,3.40,1.00
2009.05.27 09:24:49.383,6.3843,6.3895,1.80,1.00
2009.05.27 09:24:51.862,6.384,6.39,1.80,2.20
2009.05.27 09:24:52.262,6.38395,6.3892,1.80,1.00
2009.05.27 09:24:53.611,6.3839,6.389,1.80,1.00
2009.05.27 09:24:54.741,6.3839,6.3886,1.80,1.00
2009.05.27 09:24:54.981,6.3837,6.3886,1.80,1.00
2009.05.27 09:24:56.301,6.38375,6.3886,1.80,1.00
2009.05.27 09:24:56.661,6.3838,6.3891,1.60,1.00
2009.05.27 09:24:57.061,6.38405,6.3903,1.80,2.20
2009.05.27 09:24:57.741,6.3842,6.3893,1.80,1.00
2009.05.27 09:24:58.041,6.3842,6.3882,1.80,1.00
2009.05.27 09:24:58.280,6.3841,6.3879,1.80,1.00
2009.05.27 09:24:58.580,6.3834,6.3879,1.60,1.00
2009.05.27 09:24:59.300,6.3836,6.3877,1.60,1.00
2009.05.27 09:24:59.460,6.3834,6.3877,1.60,1.00
2009.05.27 09:24:59.750,6.3834,6.3877,3.40,1.00
2009.05.27 09:25:00.250,6.38355,6.3877,1.60,1.00
2009.05.27 09:25:00.540,6.38455,6.3912,1.80,1.20
2009.05.27 09:25:01.260,6.3848,6.3912,1.80,1.60
2009.05.27 09:25:01.490,6.3848,6.39145,1.80,1.20
2009.05.27 09:25:01.719,6.38555,6.3912,1.80,1.60
2009.05.27 09:25:03.629,6.38585,6.3912,1.80,1.60
2009.05.27 09:25:03.910,6.3867,6.39185,1.80,1.60
2009.05.27 09:25:04.139,6.38685,6.39185,1.80,1.60
2009.05.27 09:25:05.119,6.3868,6.39305,1.80,2.80
2009.05.27 09:25:06.679,6.38665,6.39165,1.80,1.60
2009.05.27 09:25:06.919,6.38665,6.39205,1.80,1.60
2009.05.27 09:25:07.158,6.38675,6.39205,1.80,1.60
2009.05.27 09:25:08.708,6.3868,6.39185,1.80,1.60
2009.05.27 09:25:10.168,6.38665,6.39145,1.80,1.60
2009.05.27 09:25:15.176,6.3866,6.39145,1.80,1.60
2009.05.27 09:25:15.236,6.3866,6.39185,1.80,1.60
2009.05.27 09:25:15.517,6.3866,6.39145,1.80,1.60
2009.05.27 09:25:15.846,6.3867,6.39185,1.80,1.60
2009.05.27 09:25:24.484,6.38665,6.3912,1.80,1.60
2009.05.27 09:25:24.824,6.3865,6.3912,1.80,1.60
2009.05.27 09:25:25.204,6.3865,6.39095,1.80,1.60
2009.05.27 09:25:25.544,6.386,6.39095,1.80,1.60
2009.05.27 09:25:28.393,6.3857,6.39095,1.80,1.60
2009.05.27 09:25:28.833,6.3857,6.39055,1.80,1.60
2009.05.27 09:25:35.941,6.3858,6.39095,1.80,1.60
2009.05.27 09:25:36.401,6.3858,6.3905,1.80,1.60
2009.05.27 09:25:37.601,6.3856,6.3909,1.80,1.60
2009.05.27 09:25:38.021,6.3856,6.3905,1.80,1.60
2009.05.27 09:25:38.351,6.38555,6.3901,1.80,1.60
2009.05.27 09:25:38.691,6.38555,6.3904,1.80,1.60
2009.05.27 09:25:38.981,6.38565,6.3904,1.80,1.60
2009.05.27 09:25:39.191,6.3859,6.39095,1.80,1.60
2009.05.27 09:25:40.680,6.3858,6.39095,1.80,1.60
2009.05.27 09:25:41.500,6.3859,6.3901,1.80,1.60
2009.05.27 09:25:42.030,6.3856,6.3904,1.80,1.60
2009.05.27 09:25:42.540,6.38555,6.3904,1.80,1.60
2009.05.27 09:25:48.179,6.38555,6.39025,1.80,1.60
2009.05.27 09:25:48.238,6.38545,6.39025,1.80,1.60
2009.05.27 09:25:48.688,6.38545,6.3901,1.80,1.60
2009.05.27 09:25:49.048,6.38525,6.3904,1.80,1.60
2009.05.27 09:25:50.078,6.3855,6.3904,1.80,1.60
2009.05.27 09:25:50.548,6.38555,6.3904,1.80,1.60
2009.05.27 09:25:51.128,6.3857,6.3904,1.80,1.60
2009.05.27 09:25:51.987,6.3857,6.39095,1.80,1.60
2009.05.27 09:25:52.267,6.3858,6.39095,1.80,1.60
2009.05.27 09:25:56.067,6.38565,6.39095,1.80,1.60
2009.05.27 09:25:56.357,6.38565,6.39055,1.80,1.60
2009.05.27 09:25:56.766,6.38565,6.39045,1.80,1.60
2009.05.27 09:26:00.025,6.38555,6.39045,1.80,1.60
2009.05.27 09:26:02.215,6.38575,6.39045,1.80,1.60
2009.05.27 09:26:03.305,6.3856,6.39045,1.80,1.60
2009.05.27 09:26:03.894,6.3858,6.39045,1.80,1.60
2009.05.27 09:26:04.405,6.3858,6.3914,1.80,1.60
2009.05.27 09:26:04.874,6.38605,6.3914,1.80,1.60
2009.05.27 09:26:05.104,6.3861,6.3914,1.80,1.60
2009.05.27 09:26:05.395,6.3858,6.3913,1.80,2.40
2009.05.27 09:26:06.264,6.3858,6.3908,1.80,1.00
2009.05.27 09:26:06.614,6.3856,6.3908,1.80,1.00
2009.05.27 09:26:08.064,6.3854,6.3908,1.80,1.00
2009.05.27 09:26:08.884,6.3855,6.3908,1.80,1.00
2009.05.27 09:26:09.773,6.38545,6.3908,1.80,1.00
2009.05.27 09:26:10.183,6.38535,6.3908,1.80,1.00
2009.05.27 09:26:10.583,6.38535,6.39065,1.80,1.60
2009.05.27 09:26:11.114,6.38535,6.3904,1.80,1.00
2009.05.27 09:26:11.473,6.3851,6.3904,1.80,1.00
2009.05.27 09:26:12.622,6.38515,6.3904,1.80,1.00
2009.05.27 09:26:14.522,6.3851,6.3904,1.80,1.00
2009.05.27 09:26:15.732,6.38505,6.3904,1.80,1.00
2009.05.27 09:26:20.211,6.3851,6.3904,1.80,1.00
2009.05.27 09:26:21.741,6.38515,6.3908,1.80,1.00
2009.05.27 09:26:21.970,6.38555,6.3908,1.80,1.00
2009.05.27 09:26:22.610,6.3857,6.3913,1.80,2.40
2009.05.27 09:26:23.080,6.3857,6.3908,1.80,1.00
2009.05.27 09:26:23.500,6.38565,6.3908,1.80,1.00
2009.05.27 09:26:25.110,6.3851,6.3904,1.80,1.00
2009.05.27 09:26:37.587,6.38505,6.3904,1.80,1.00
2009.05.27 09:26:41.076,6.3851,6.3908,1.80,1.00
2009.05.27 09:26:44.765,6.38515,6.3908,1.80,1.00
2009.05.27 09:26:45.465,6.38505,6.3904,1.80,1.00
2009.05.27 09:26:45.934,6.3851,6.3904,1.80,1.00
2009.05.27 09:26:46.224,6.3851,6.3896,1.80,1.00
2009.05.27 09:26:46.574,6.3848,6.3896,1.80,1.00
2009.05.27 09:26:55.662,6.385,6.39,1.80,1.00
2009.05.27 09:26:56.472,6.3851,6.39,1.80,1.00
2009.05.27 09:26:57.812,6.38505,6.39,1.80,1.00
2009.05.27 09:26:59.571,6.385,6.39,1.80,1.00
2009.05.27 09:27:00.271,6.3851,6.39,1.80,1.00
2009.05.27 09:27:02.091,6.38505,6.39,1.80,1.00
2009.05.27 09:27:02.991,6.38505,6.3905,1.80,1.00
2009.05.27 09:27:03.220,6.3854,6.3905,1.80,1.00
2009.05.27 09:27:03.920,6.38535,6.3905,1.80,1.00
2009.05.27 09:27:04.211,6.38535,6.39,1.80,1.00
2009.05.27 09:27:04.430,6.38545,6.3917,1.80,2.20
2009.05.27 09:27:06.499,6.3855,6.3907,1.80,1.00
2009.05.27 09:27:09.479,6.3855,6.3909,1.80,1.00
2009.05.27 09:27:09.589,6.38565,6.3909,1.80,1.00
2009.05.27 09:27:10.558,6.38575,6.3905,1.80,1.00
2009.05.27 09:27:11.188,6.38555,6.3905,1.80,1.00
2009.05.27 09:27:13.998,6.38565,6.3905,1.80,1.00
2009.05.27 09:27:19.656,6.38555,6.3905,3.40,1.00
2009.05.27 09:27:22.486,6.38585,6.3921,1.80,2.20
2009.05.27 09:27:23.036,6.386,6.3911,1.80,1.00
2009.05.27 09:27:24.405,6.38575,6.3909,3.40,1.00
2009.05.27 09:27:26.075,6.38595,6.3909,1.60,1.00
2009.05.27 09:27:26.495,6.386,6.3909,1.80,1.00
2009.05.27 09:27:28.234,6.3862,6.3909,1.60,1.00
2009.05.27 09:27:28.414,6.3862,6.3914,1.60,1.00
2009.05.27 09:27:31.774,6.3862,6.3909,1.60,1.00
2009.05.27 09:27:32.133,6.386,6.3909,1.60,1.00
2009.05.27 09:27:33.593,6.38595,6.3909,1.80,1.00
2009.05.27 09:27:33.763,6.38595,6.3909,3.40,1.00
2009.05.27 09:27:34.033,6.38595,6.3921,1.60,2.20
2009.05.27 09:27:44.731,6.38605,6.3914,1.80,1.00
2009.05.27 09:27:44.841,6.38635,6.3914,1.60,1.00
2009.05.27 09:27:45.010,6.3864,6.3914,1.80,1.00
2009.05.27 09:27:45.290,6.3864,6.3909,1.80,1.00
2009.05.27 09:27:45.410,6.3862,6.3914,1.60,1.00
2009.05.27 09:27:46.700,6.3862,6.3922,1.60,2.20
2009.05.27 09:27:49.019,6.3864,6.3914,3.40,1.00
2009.05.27 09:27:49.409,6.38655,6.3915,1.80,1.00
2009.05.27 09:27:49.749,6.3868,6.3915,1.60,1.00
2009.05.27 09:27:49.979,6.38655,6.3919,1.80,1.00
2009.05.27 09:27:50.159,6.3866,6.3913,1.80,1.00
2009.05.27 09:27:50.499,6.3868,6.3917,1.60,1.00
2009.05.27 09:27:50.839,6.38665,6.3917,1.60,1.00
2009.05.27 09:27:51.309,6.3867,6.3917,1.80,1.00
2009.05.27 09:27:53.008,6.3866,6.3917,1.80,1.00
2009.05.27 09:27:53.358,6.3866,6.3913,1.80,1.00
2009.05.27 09:27:57.337,6.38685,6.3917,3.40,1.00
2009.05.27 09:27:57.507,6.38685,6.3917,1.80,1.00
2009.05.27 09:27:57.867,6.38665,6.3913,1.60,1.00
2009.05.27 09:27:58.087,6.3866,6.3913,1.80,1.00
2009.05.27 09:27:59.227,6.38685,6.3913,1.80,1.00
2009.05.27 09:27:59.527,6.38685,6.3908,1.80,1.00
2009.05.27 09:27:59.817,6.38605,6.3908,3.40,1.00
2009.05.27 09:28:00.467,6.38605,6.3923,3.40,2.20
2009.05.27 09:28:00.797,6.3862,6.391,1.80,1.00
2009.05.27 09:28:01.256,6.38605,6.391,1.60,1.00
2009.05.27 09:28:01.706,6.3864,6.3914,1.60,1.00
2009.05.27 09:28:03.476,6.3864,6.3916,1.60,1.00
2009.05.27 09:28:03.936,6.38635,6.3916,1.80,1.00
2009.05.27 09:28:04.166,6.38585,6.3915,1.80,1.00
2009.05.27 09:28:04.786,6.3858,6.3915,1.60,1.00
2009.05.27 09:28:07.865,6.38585,6.3915,1.60,1.00
2009.05.27 09:28:08.035,6.38585,6.39185,1.60,1.20
2009.05.27 09:28:08.274,6.38605,6.3919,1.80,1.00
2009.05.27 09:28:08.505,6.38605,6.3919,3.40,1.00
2009.05.27 09:28:08.905,6.38605,6.3919,1.80,1.00
2009.05.27 09:28:09.364,6.3859,6.3919,1.80,2.20
2009.05.27 09:28:10.174,6.3868,6.3927,1.80,1.60
2009.05.27 09:28:12.634,6.3868,6.39255,1.80,1.60
2009.05.27 09:28:13.803,6.38675,6.39255,1.80,1.60
2009.05.27 09:28:15.813,6.3868,6.39255,1.80,1.60
2009.05.27 09:28:16.053,6.3868,6.3927,1.80,1.60
2009.05.27 09:28:17.143,6.3868,6.392,1.80,1.00
2009.05.27 09:28:17.383,6.38675,6.3925,1.60,1.00
2009.05.27 09:28:17.553,6.387,6.3925,1.80,1.00
2009.05.27 09:28:19.222,6.3868,6.3921,1.80,1.00
2009.05.27 09:28:19.452,6.3869,6.3921,1.60,1.00
2009.05.27 09:28:19.792,6.3869,6.3926,1.60,1.00
2009.05.27 09:28:20.022,6.3869,6.3926,3.40,1.00
2009.05.27 09:28:20.442,6.38725,6.3926,1.80,1.00
2009.05.27 09:28:22.561,6.3873,6.3926,1.80,1.00
2009.05.27 09:28:25.571,6.38725,6.3926,1.80,1.00
2009.05.27 09:28:26.150,6.3873,6.3926,1.80,1.00
2009.05.27 09:28:29.919,6.38725,6.3926,1.80,1.00
2009.05.27 09:28:31.979,6.3874,6.3924,1.80,1.00
2009.05.27 09:28:32.329,6.3881,6.3924,1.60,1.00
2009.05.27 09:28:32.739,6.3879,6.3924,1.60,1.00
2009.05.27 09:28:32.849,6.3879,6.3925,1.60,1.60
2009.05.27 09:28:32.909,6.3879,6.3928,1.60,1.00
2009.05.27 09:28:33.250,6.38815,6.3928,1.60,1.00
2009.05.27 09:28:37.378,6.3882,6.3928,1.60,1.00
2009.05.27 09:28:37.438,6.3882,6.3924,1.60,1.00
2009.05.27 09:29:04.001,6.38835,6.392,1.60,1.00
2009.05.27 09:29:04.822,6.38785,6.392,1.60,1.00
2009.05.27 09:29:04.941,6.38785,6.3921,1.60,1.00
2009.05.27 09:29:08.620,6.3879,6.3921,1.60,1.00
2009.05.27 09:29:08.960,6.3879,6.3916,1.60,1.00
2009.05.27 09:29:09.660,6.3879,6.3921,1.60,1.00
2009.05.27 09:29:11.149,6.3879,6.3918,1.60,1.00
2009.05.27 09:29:11.489,6.3881,6.392,1.60,1.00
2009.05.27 09:29:12.109,6.3881,6.3921,1.60,1.00
2009.05.27 09:29:12.579,6.3879,6.3916,1.60,1.00
2009.05.27 09:29:12.749,6.3879,6.3921,1.60,1.00
2009.05.27 09:29:12.919,6.38825,6.3921,1.60,1.00
2009.05.27 09:29:13.149,6.38825,6.392,1.60,1.00
2009.05.27 09:29:17.088,6.38815,6.392,1.60,1.00
2009.05.27 09:29:17.378,6.38815,6.3921,1.60,1.00
2009.05.27 09:29:19.797,6.38855,6.3921,1.60,1.00
2009.05.27 09:29:19.967,6.38855,6.3925,1.60,1.00
2009.05.27 09:29:20.198,6.38815,6.3925,1.60,1.00
2009.05.27 09:29:20.647,6.3886,6.3925,1.60,1.00
2009.05.27 09:29:24.026,6.38815,6.3925,1.60,1.00
2009.05.27 09:29:24.437,6.3882,6.3921,1.60,1.00
2009.05.27 09:29:24.906,6.3882,6.3925,1.60,1.00
2009.05.27 09:29:25.316,6.38815,6.3925,1.60,1.00
2009.05.27 09:29:26.977,6.3886,6.3925,1.60,1.00
2009.05.27 09:29:27.976,6.38815,6.3925,1.60,1.00
2009.05.27 09:29:30.065,6.3886,6.3925,1.60,1.00
2009.05.27 09:29:30.585,6.38815,6.3925,1.60,1.00
2009.05.27 09:29:56.918,6.3886,6.3925,1.60,1.00
2009.05.27 09:30:01.427,6.389,6.3927,1.60,1.00
2009.05.27 09:30:05.287,6.38865,6.3926,1.60,1.00
2009.05.27 09:30:06.366,6.38905,6.3927,1.60,1.00
2009.05.27 09:30:06.776,6.38945,6.3931,1.60,1.00
2009.05.27 09:30:07.246,6.3896,6.3931,1.60,1.00
2009.05.27 09:30:07.596,6.38955,6.3931,1.60,1.00
2009.05.27 09:30:07.706,6.38955,6.3935,1.60,1.00
2009.05.27 09:30:11.825,6.38955,6.3948,1.60,2.20
2009.05.27 09:30:12.105,6.38955,6.3937,1.60,1.00
2009.05.27 09:30:12.515,6.3896,6.3933,1.60,1.00
2009.05.27 09:30:12.815,6.38955,6.3937,1.60,1.00
2009.05.27 09:30:14.065,6.38815,6.3934,1.60,1.00
2009.05.27 09:30:17.134,6.38715,6.3926,1.60,1.00
2009.05.27 09:30:18.923,6.3878,6.3924,1.60,1.00
2009.05.27 09:30:24.642,6.38815,6.3931,1.60,1.00
2009.05.27 09:30:30.561,6.38775,6.3931,1.60,1.00
2009.05.27 09:30:31.640,6.3878,6.3927,1.60,1.00
2009.05.27 09:30:32.350,6.3878,6.39255,1.60,1.60
2009.05.27 09:30:38.638,6.3873,6.39255,1.60,1.60
2009.05.27 09:30:46.556,6.38725,6.39295,1.60,1.60
2009.05.27 09:30:50.045,6.38815,6.39295,1.60,1.60
2009.05.27 09:30:51.555,6.38775,6.39295,1.60,1.60
2009.05.27 09:30:52.645,6.3878,6.39295,1.60,1.60
2009.05.27 09:30:52.935,6.3878,6.39255,1.60,1.60
2009.05.27 09:31:00.113,6.38825,6.3929,1.60,1.60
2009.05.27 09:31:00.403,6.38825,6.39345,1.60,1.60
2009.05.27 09:31:02.543,6.38825,6.3927,1.60,1.00
2009.05.27 09:31:03.113,6.38825,6.3939,1.60,2.20
2009.05.27 09:31:03.843,6.38865,6.3929,1.60,1.00
2009.05.27 09:31:04.202,6.38845,6.3929,1.60,1.00
2009.05.27 09:31:04.602,6.38825,6.3929,1.60,1.00
2009.05.27 09:31:04.772,6.38825,6.3939,1.60,2.20
2009.05.27 09:31:07.441,6.38825,6.3929,1.60,1.00
2009.05.27 09:31:07.901,6.38865,6.3929,1.60,1.00
2009.05.27 09:31:10.501,6.38825,6.3927,1.60,1.00
2009.05.27 09:31:19.179,6.38855,6.3927,1.60,1.00
2009.05.27 09:31:19.911,6.389,6.3927,1.60,1.00
2009.05.27 09:31:22.528,6.3894,6.3931,1.60,1.60
2009.05.27 09:31:22.758,6.3894,6.3932,1.60,1.00
2009.05.27 09:31:23.098,6.38905,6.3932,1.60,1.00
2009.05.27 09:31:25.777,6.3891,6.3932,1.60,1.00
2009.05.27 09:31:26.057,6.389,6.3932,1.60,1.00
2009.05.27 09:31:38.724,6.38905,6.3932,1.60,1.00
2009.05.27 09:31:38.954,6.38905,6.3927,1.60,1.00
2009.05.27 09:31:39.184,6.389,6.39315,1.60,1.60
2009.05.27 09:31:39.294,6.389,6.3932,1.60,1.00
2009.05.27 09:31:39.874,6.38905,6.3927,1.60,1.00
2009.05.27 09:31:48.122,6.3894,6.3927,1.60,1.00
2009.05.27 09:31:48.292,6.3894,6.39315,1.60,1.60
2009.05.27 09:31:48.472,6.38905,6.3932,1.60,1.00
2009.05.27 09:31:48.862,6.3891,6.3927,1.60,1.00
2009.05.27 09:31:53.481,6.3891,6.39315,1.60,1.60
2009.05.27 09:31:53.661,6.389,6.3932,1.60,1.00
2009.05.27 09:31:54.351,6.38905,6.3932,1.60,1.00
2009.05.27 09:31:54.691,6.38905,6.3927,1.60,1.00
2009.05.27 09:32:12.207,6.38955,6.3936,1.60,1.60
2009.05.27 09:32:12.556,6.3899,6.3949,1.60,2.20
2009.05.27 09:32:13.866,6.3899,6.3939,1.60,1.00
2009.05.27 09:32:15.346,6.3895,6.3937,1.60,1.00
2009.05.27 09:32:15.516,6.3895,6.3936,1.60,1.00
2009.05.27 09:32:16.676,6.3891,6.3948,1.60,2.20
2009.05.27 09:32:17.375,6.38905,6.3948,1.60,2.20
2009.05.27 09:32:17.665,6.38945,6.3938,1.60,2.40
2009.05.27 09:32:17.835,6.38905,6.3938,1.60,1.00
2009.05.27 09:32:20.824,6.38945,6.3936,1.60,1.00
2009.05.27 09:32:21.044,6.3899,6.3936,1.60,1.00
2009.05.27 09:32:21.215,6.3895,6.3937,1.60,1.00
2009.05.27 09:32:21.724,6.3895,6.3936,1.60,1.00
2009.05.27 09:32:24.313,6.3895,6.3948,1.60,2.20
2009.05.27 09:32:25.333,6.3895,6.3938,1.60,1.00
2009.05.27 09:32:27.903,6.3899,6.3937,1.60,1.00
2009.05.27 09:32:28.123,6.3895,6.3937,1.60,1.00
2009.05.27 09:32:28.183,6.3895,6.3936,1.60,1.00
2009.05.27 09:32:28.233,6.3899,6.3936,1.60,1.00
2009.05.27 09:32:28.293,6.3899,6.3937,1.60,1.00
2009.05.27 09:32:28.653,6.3895,6.3937,1.60,1.00
2009.05.27 09:32:28.703,6.3895,6.3936,1.60,1.00
2009.05.27 09:32:28.943,6.3895,6.3948,1.60,2.20
2009.05.27 09:32:29.782,6.3895,6.3938,1.60,1.00
2009.05.27 09:32:30.133,6.38955,6.3934,1.60,1.00
2009.05.27 09:32:33.862,6.38955,6.3947,1.60,2.20
2009.05.27 09:32:34.091,6.3895,6.3937,1.60,1.00
2009.05.27 09:32:49.547,6.38905,6.3935,1.60,1.60
2009.05.27 09:32:49.667,6.3896,6.3935,1.60,1.60
2009.05.27 09:32:49.777,6.3896,6.39365,1.60,1.60
2009.05.27 09:32:55.666,6.39,6.39365,1.60,1.60
2009.05.27 09:32:55.786,6.39,6.3958,1.60,2.20
2009.05.27 09:32:56.086,6.38955,6.3958,1.80,2.20
2009.05.27 09:32:56.196,6.3895,6.3948,1.80,1.00
2009.05.27 09:32:56.306,6.38945,6.3948,1.60,1.00
2009.05.27 09:33:05.594,6.38935,6.3946,1.60,1.00
2009.05.27 09:33:05.764,6.38935,6.395,1.60,2.20
2009.05.27 09:33:06.114,6.3898,6.395,1.60,1.00
2009.05.27 09:33:11.422,6.38935,6.395,1.80,1.00
2009.05.27 09:33:14.341,6.38945,6.3955,1.80,2.20
2009.05.27 09:33:15.031,6.3897,6.3955,1.80,1.00
2009.05.27 09:33:16.231,6.3894,6.395,1.80,1.00
2009.05.27 09:33:16.461,6.3894,6.3954,1.80,1.20
2009.05.27 09:33:16.991,6.38965,6.3955,1.80,1.00
2009.05.27 09:33:18.381,6.38985,6.3955,1.80,1.00
2009.05.27 09:33:18.891,6.3897,6.3955,1.80,1.00
2009.05.27 09:33:19.051,6.3897,6.39575,1.80,1.20
2009.05.27 09:33:19.510,6.38995,6.3959,1.80,1.00
2009.05.27 09:33:20.270,6.3899,6.3959,1.80,2.20
2009.05.27 09:33:20.850,6.38975,6.3958,1.80,1.20
2009.05.27 09:33:21.080,6.38975,6.3955,1.80,1.00
2009.05.27 09:33:21.360,6.3898,6.3955,1.80,1.00
2009.05.27 09:33:22.490,6.3899,6.3959,1.80,2.20
2009.05.27 09:33:22.960,6.3899,6.3955,1.80,1.00
2009.05.27 09:33:23.290,6.38985,6.39585,1.80,1.20
2009.05.27 09:33:26.249,6.39015,6.3959,1.80,1.00
2009.05.27 09:33:28.288,6.3902,6.3959,1.80,1.00
2009.05.27 09:33:34.458,6.3898,6.3955,1.80,1.00
2009.05.27 09:33:40.446,6.3898,6.3955,1.80,1.00
2009.05.27 09:33:40.915,6.38985,6.3955,1.80,1.00
2009.05.27 09:33:43.285,6.38985,6.395,1.80,1.00
2009.05.27 09:33:43.584,6.38945,6.395,1.80,1.00
2009.05.27 09:33:53.482,6.3894,6.395,1.80,1.00
2009.05.27 09:33:54.442,6.3892,6.395,1.80,1.00
2009.05.27 09:33:54.662,6.389,6.3946,1.80,1.00
2009.05.27 09:33:56.771,6.3888,6.3945,1.80,1.00
2009.05.27 09:33:58.241,6.3888,6.3946,1.80,1.00
2009.05.27 09:33:58.761,6.3888,6.3945,1.80,1.00
2009.05.27 09:33:59.961,6.3888,6.3946,1.80,1.00
2009.05.27 09:34:00.141,6.38895,6.3946,1.80,1.00
2009.05.27 09:34:02.860,6.389,6.395,1.80,1.00
2009.05.27 09:34:03.421,6.3894,6.395,1.80,1.00
2009.05.27 09:34:07.129,6.3894,6.3954,1.80,1.20
2009.05.27 09:34:07.689,6.3897,6.3955,1.80,1.00
2009.05.27 09:34:10.588,6.38985,6.3955,1.80,1.00
2009.05.27 09:34:16.097,6.38945,6.395,1.80,1.00
2009.05.27 09:34:16.437,6.38945,6.3955,1.80,2.20
2009.05.27 09:34:16.857,6.38985,6.3955,1.80,1.00
2009.05.27 09:34:18.176,6.38985,6.39585,1.80,1.20
2009.05.27 09:34:18.296,6.39015,6.3959,1.80,1.00
2009.05.27 09:34:19.126,6.3902,6.3959,1.80,1.00
2009.05.27 09:34:25.135,6.39315,6.3959,1.60,1.00
2009.05.27 09:34:25.194,6.39315,6.39625,1.60,1.20
2009.05.27 09:34:25.534,6.39315,6.399,1.60,1.60
2009.05.27 09:34:28.294,6.39305,6.3986,1.80,1.60
2009.05.27 09:34:28.474,6.39305,6.3986,1.80,6.40
2009.05.27 09:34:28.654,6.39305,6.3967,1.80,1.00
2009.05.27 09:34:28.774,6.39135,6.3967,1.80,1.00
2009.05.27 09:34:29.393,6.39055,6.3967,1.80,1.00
2009.05.27 09:34:30.263,6.3904,6.3963,1.80,1.00
2009.05.27 09:34:31.783,6.3909,6.39695,1.80,1.20
2009.05.27 09:34:33.562,6.39095,6.397,1.80,1.20
2009.05.27 09:34:44.160,6.3905,6.39655,1.80,1.20
2009.05.27 09:34:45.870,6.39085,6.3966,1.80,1.00
2009.05.27 09:34:48.369,6.3914,6.39745,1.80,1.20
2009.05.27 09:34:52.668,6.3911,6.3971,1.80,1.20
2009.05.27 09:34:54.637,6.39095,6.397,1.80,1.20
2009.05.27 09:34:57.127,6.391,6.39705,1.80,1.20
2009.05.27 09:35:04.835,6.39085,6.3969,1.80,1.20
2009.05.27 09:35:07.034,6.391,6.39705,1.80,1.20
2009.05.27 09:35:10.414,6.39095,6.397,1.80,1.20
2009.05.27 09:35:28.299,6.39085,6.3966,1.80,1.00
2009.05.27 09:35:28.409,6.3906,6.3966,1.80,1.00
2009.05.27 09:35:28.869,6.3905,6.3965,1.80,1.20
2009.05.27 09:35:32.898,6.39055,6.39655,1.80,1.20
2009.05.27 09:35:33.748,6.39055,6.3962,1.80,1.00
2009.05.27 09:35:33.858,6.39015,6.3962,1.80,2.20
2009.05.27 09:35:35.458,6.3899,6.39595,1.80,1.20
2009.05.27 09:35:36.358,6.38975,6.3958,1.80,1.20
2009.05.27 09:35:38.627,6.3898,6.39585,1.80,1.20
2009.05.27 09:35:39.617,6.3899,6.39595,1.80,1.20
2009.05.27 09:35:40.996,6.38975,6.3958,1.80,1.20
2009.05.27 09:35:43.805,6.3898,6.39585,1.80,1.20
2009.05.27 09:35:47.336,6.38965,6.3957,1.80,2.20
2009.05.27 09:35:48.764,6.3895,6.3955,1.80,1.20
2009.05.27 09:35:51.024,6.3895,6.39555,1.80,1.20
2009.05.27 09:35:51.304,6.38945,6.39545,1.80,1.20
2009.05.27 09:35:52.504,6.38955,6.3956,1.80,1.20
2009.05.27 09:35:53.193,6.3899,6.3957,1.80,1.00
2009.05.27 09:35:53.723,6.3898,6.39585,1.80,1.20
2009.05.27 09:35:54.393,6.3897,6.3957,1.80,1.00
2009.05.27 09:35:54.973,6.3896,6.39565,1.80,1.20
2009.05.27 09:35:56.873,6.38955,6.3956,1.80,1.20
2009.05.27 09:35:57.502,6.3896,6.39565,1.80,1.20
2009.05.27 09:36:00.941,6.3893,6.39535,1.80,1.20
2009.05.27 09:36:01.621,6.3895,6.39555,1.80,1.20
2009.05.27 09:36:02.021,6.3895,6.3955,1.80,1.20
2009.05.27 09:36:02.651,6.3895,6.39555,1.80,1.20
2009.05.27 09:36:03.191,6.38955,6.3956,1.80,1.20
2009.05.27 09:36:06.990,6.3896,6.39565,1.80,1.20
2009.05.27 09:36:08.250,6.38975,6.3958,1.80,1.20
2009.05.27 09:36:08.889,6.3895,6.3955,1.80,1.20
2009.05.27 09:36:09.699,6.3896,6.39565,1.80,1.20
2009.05.27 09:36:10.369,6.38925,6.3953,1.80,2.20
2009.05.27 09:36:11.069,6.38925,6.3953,1.80,1.20
2009.05.27 09:36:11.399,6.3896,6.39565,1.80,1.20
2009.05.27 09:36:13.029,6.3895,6.39555,1.80,1.20
2009.05.27 09:36:16.368,6.3898,6.39585,1.80,1.20
2009.05.27 09:36:17.677,6.3898,6.3957,1.80,1.00
2009.05.27 09:36:18.038,6.3898,6.39585,1.80,1.20
2009.05.27 09:36:18.457,6.3897,6.39575,1.80,1.20
2009.05.27 09:36:19.397,6.3898,6.3957,1.80,1.00
2009.05.27 09:36:19.927,6.3899,6.39595,1.80,1.20
2009.05.27 09:36:20.507,6.3897,6.39575,1.80,1.20
2009.05.27 09:36:21.037,6.3897,6.3957,1.80,1.00
2009.05.27 09:36:24.216,6.3895,6.3955,1.80,1.20
2009.05.27 09:36:28.395,6.3894,6.39545,1.80,1.20
2009.05.27 09:36:29.694,6.38935,6.3954,1.80,1.20
2009.05.27 09:36:30.604,6.392,6.3954,1.20,1.20
2009.05.27 09:36:30.774,6.3927,6.3973,1.80,3.20
2009.05.27 09:36:30.944,6.3927,6.39955,1.80,1.20
2009.05.27 09:36:32.354,6.3933,6.3993,1.80,1.20
2009.05.27 09:36:32.984,6.3933,6.39935,1.80,1.20
2009.05.27 09:36:34.344,6.3934,6.39945,1.80,1.20
2009.05.27 09:36:35.083,6.39375,6.3998,1.80,1.20
2009.05.27 09:36:44.431,6.3936,6.39965,1.80,1.20
2009.05.27 09:36:54.189,6.3934,6.39945,1.80,1.20
2009.05.27 09:37:03.526,6.3936,6.3996,1.80,1.20
2009.05.27 09:37:06.996,6.3936,6.39965,1.80,1.20
2009.05.27 09:37:10.375,6.3937,6.39975,1.80,1.20
2009.05.27 09:37:19.463,6.394,6.40005,1.80,1.20
2009.05.27 09:37:25.881,6.3935,6.39955,1.80,1.20
2009.05.27 09:37:39.498,6.39325,6.3993,1.80,1.20
2009.05.27 09:37:40.137,6.39305,6.3991,1.80,1.20
2009.05.27 09:37:42.537,6.39305,6.39905,1.80,1.20
2009.05.27 09:37:44.297,6.3928,6.39885,1.80,1.20
2009.05.27 09:37:45.037,6.39255,6.3986,1.80,1.20
2009.05.27 09:37:46.646,6.39265,6.3987,1.80,1.20
2009.05.27 09:37:46.766,6.39275,6.3988,1.80,1.20
2009.05.27 09:37:47.916,6.3928,6.3988,1.80,1.20
2009.05.27 09:37:48.196,6.3929,6.39895,1.80,1.20
2009.05.27 09:37:48.476,6.3929,6.3979,1.80,1.00
2009.05.27 09:37:49.376,6.393,6.3983,1.80,1.00
2009.05.27 09:37:50.125,6.39305,6.3981,1.80,1.00
2009.05.27 09:37:51.345,6.3931,6.3993,1.80,2.20
2009.05.27 09:37:52.595,6.39305,6.3983,1.80,1.00
2009.05.27 09:37:53.054,6.39305,6.3979,1.80,1.00
2009.05.27 09:37:53.284,6.3929,6.3979,1.80,1.00
2009.05.27 09:37:56.094,6.3928,6.3977,1.80,1.00
2009.05.27 09:37:56.914,6.39285,6.3977,1.80,1.00
2009.05.27 09:37:59.923,6.39295,6.3981,1.80,1.00
2009.05.27 09:38:02.102,6.39315,6.3981,1.80,1.00
2009.05.27 09:38:03.962,6.39325,6.3981,1.80,1.00
2009.05.27 09:38:05.142,6.39325,6.3979,1.80,1.00
2009.05.27 09:38:05.381,6.3932,6.3979,1.80,1.00
2009.05.27 09:38:05.891,6.3932,6.3977,1.80,1.00
2009.05.27 09:38:06.181,6.39285,6.3977,1.80,1.00
2009.05.27 09:38:06.411,6.39285,6.3976,1.80,1.00
2009.05.27 09:38:10.620,6.3928,6.3977,1.80,1.00
2009.05.27 09:38:10.960,6.39275,6.3977,1.80,1.00
2009.05.27 09:38:12.450,6.3924,6.3977,1.80,1.00
2009.05.27 09:38:12.840,6.3924,6.3972,1.80,1.00
2009.05.27 09:38:13.250,6.39235,6.3972,1.80,1.00
2009.05.27 09:38:15.259,6.3923,6.3972,1.80,1.00
2009.05.27 09:38:15.899,6.3924,6.3972,1.80,1.00
2009.05.27 09:38:16.839,6.39245,6.3972,1.80,1.00
2009.05.27 09:38:17.868,6.3927,6.3977,1.80,1.00
2009.05.27 09:38:18.558,6.39285,6.3977,1.80,1.00
2009.05.27 09:38:19.648,6.3932,6.3981,1.80,1.00
2009.05.27 09:38:20.068,6.3933,6.3981,1.80,1.00
2009.05.27 09:38:20.418,6.3933,6.3986,1.80,1.00
2009.05.27 09:38:21.868,6.3934,6.3986,1.80,1.00
2009.05.27 09:38:24.187,6.39335,6.3986,1.80,1.00
2009.05.27 09:38:24.977,6.39325,6.3985,1.80,1.00
2009.05.27 09:38:26.147,6.39315,6.3981,1.80,1.00
2009.05.27 09:38:27.486,6.3931,6.3981,1.80,1.00
2009.05.27 09:38:28.586,6.39285,6.3981,1.80,1.00
2009.05.27 09:38:29.556,6.39295,6.3981,1.80,1.00
2009.05.27 09:38:39.203,6.39315,6.3981,1.80,1.00
2009.05.27 09:38:39.943,6.39305,6.3993,1.80,2.20
2009.05.27 09:38:40.563,6.3929,6.3983,1.80,1.00
2009.05.27 09:38:45.822,6.393,6.3981,1.80,1.00
2009.05.27 09:38:53.750,6.393,6.3977,1.80,1.00
2009.05.27 09:38:58.799,6.393,6.3981,1.80,1.00
2009.05.27 09:38:59.498,6.39295,6.3981,1.80,1.00
2009.05.27 09:39:01.048,6.3929,6.3981,1.80,1.00
2009.05.27 09:39:06.457,6.3929,6.3977,1.80,1.00
2009.05.27 09:39:06.637,6.39275,6.3981,1.80,1.00
2009.05.27 09:39:07.297,6.393,6.3981,1.80,1.00
2009.05.27 09:39:08.646,6.39295,6.3981,1.80,1.00
2009.05.27 09:39:13.915,6.39315,6.3981,1.80,1.00
2009.05.27 09:39:14.655,6.39295,6.3981,1.80,1.00
2009.05.27 09:39:17.164,6.39285,6.3981,1.80,1.00
2009.05.27 09:39:17.554,6.39285,6.3977,1.80,1.00
2009.05.27 09:39:21.883,6.3929,6.3981,1.80,1.00
2009.05.27 09:39:24.022,6.3929,6.3977,1.80,1.00
2009.05.27 09:39:25.232,6.3929,6.3981,1.80,1.00
2009.05.27 09:39:25.652,6.3929,6.3977,1.80,1.00
2009.05.27 09:39:26.172,6.3929,6.3981,1.80,1.00
2009.05.27 09:39:27.922,6.39295,6.3981,1.80,1.00
2009.05.27 09:39:29.131,6.39285,6.3977,1.80,1.00
2009.05.27 09:39:29.481,6.39285,6.3981,1.80,1.00
2009.05.27 09:39:29.701,6.39305,6.3993,1.80,2.20
2009.05.27 09:39:30.401,6.3929,6.3983,1.80,1.00
2009.05.27 09:39:32.361,6.3931,6.3981,1.80,1.00
2009.05.27 09:39:32.940,6.39285,6.3981,1.80,1.00
2009.05.27 09:39:33.461,6.39305,6.3993,1.80,2.20
2009.05.27 09:39:33.990,6.3929,6.3983,1.80,1.00
2009.05.27 09:39:35.110,6.393,6.3981,1.80,1.00
2009.05.27 09:39:36.219,6.3931,6.3985,1.80,1.00
2009.05.27 09:39:36.430,6.3931,6.39915,1.80,1.20
2009.05.27 09:39:36.599,6.3936,6.39965,1.80,1.20
2009.05.27 09:39:37.459,6.39285,6.3979,1.80,1.00
2009.05.27 09:39:38.429,6.39275,6.3979,1.80,1.00
2009.05.27 09:39:38.599,6.39275,6.3976,1.80,1.00
2009.05.27 09:39:39.409,6.39275,6.3972,1.80,1.00
2009.05.27 09:39:39.889,6.3926,6.3972,1.80,1.00
2009.05.27 09:39:41.868,6.39245,6.3969,1.80,1.00
2009.05.27 09:39:43.888,6.39235,6.3969,1.80,1.00
2009.05.27 09:39:44.508,6.3921,6.3964,1.80,1.00
2009.05.27 09:39:44.917,6.39245,6.3973,1.80,1.00
2009.05.27 09:39:52.116,6.39245,6.3969,1.80,1.00
2009.05.27 09:39:52.516,6.39225,6.3969,1.80,1.00
2009.05.27 09:39:52.976,6.39225,6.3985,1.80,2.20
2009.05.27 09:39:54.075,6.3924,6.3975,1.80,1.00
2009.05.27 09:39:54.935,6.3924,6.3971,1.80,1.00
2009.05.27 09:39:57.555,6.3925,6.3969,1.80,1.00
2009.05.27 09:39:57.784,6.3925,6.3971,1.80,1.00
2009.05.27 09:39:58.074,6.3925,6.3973,1.80,1.00
2009.05.27 09:39:58.304,6.39265,6.3973,1.80,1.00
2009.05.27 09:39:59.304,6.39275,6.3973,1.80,1.00
2009.05.27 09:39:59.704,6.3929,6.3978,1.80,1.00
2009.05.27 09:40:00.534,6.3931,6.3978,1.80,1.00
2009.05.27 09:40:00.824,6.3931,6.3982,1.80,1.00
2009.05.27 09:40:02.443,6.3934,6.3986,1.80,1.00
2009.05.27 09:40:02.903,6.3935,6.3986,1.80,1.00
2009.05.27 09:40:03.703,6.3934,6.3986,1.80,1.00
2009.05.27 09:40:04.463,6.39385,6.399,1.80,1.00
2009.05.27 09:40:04.973,6.394,6.399,1.80,1.00
2009.05.27 09:40:07.502,6.39385,6.3986,1.80,1.00
2009.05.27 09:40:07.912,6.39385,6.399,1.80,1.00
2009.05.27 09:40:08.442,6.39395,6.4002,1.80,2.20
2009.05.27 09:40:09.002,6.39385,6.3988,1.80,1.00
2009.05.27 09:40:09.292,6.39385,6.3993,1.80,1.00
2009.05.27 09:40:09.461,6.3942,6.3993,1.80,1.00
2009.05.27 09:40:09.632,6.3942,6.3997,1.80,1.00
2009.05.27 09:40:10.711,6.39425,6.3995,1.80,1.00
2009.05.27 09:40:11.241,6.3942,6.3995,1.80,1.00
2009.05.27 09:40:12.821,6.39445,6.4007,1.80,2.20
2009.05.27 09:40:20.319,6.3939,6.3986,1.80,1.00
2009.05.27 09:40:21.069,6.3936,6.3986,1.80,1.00
2009.05.27 09:40:25.558,6.3935,6.3986,1.80,1.00
2009.05.27 09:40:27.747,6.3944,6.3986,1.20,1.00
2009.05.27 09:40:27.857,6.3952,6.40075,1.80,1.60
2009.05.27 09:40:28.027,6.3958,6.4008,1.20,8.00
2009.05.27 09:40:28.197,6.39685,6.4017,1.80,1.60
2009.05.27 09:40:28.307,6.39685,6.4033,1.80,1.20
2009.05.27 09:40:39.144,6.3967,6.40275,1.80,1.20
2009.05.27 09:40:39.594,6.3966,6.40265,1.80,1.20
2009.05.27 09:40:41.584,6.39655,6.4026,1.80,1.20
2009.05.27 09:40:42.394,6.39635,6.40235,1.80,1.20
2009.05.27 09:40:43.283,6.39645,6.4025,1.80,1.20
2009.05.27 09:40:43.903,6.3964,6.40245,1.80,1.20
2009.05.27 09:40:45.923,6.3968,6.40285,1.80,1.20
2009.05.27 09:40:49.092,6.39665,6.4027,1.80,1.20
2009.05.27 09:40:51.181,6.3968,6.40285,1.80,1.20
2009.05.27 09:40:52.211,6.3969,6.4029,1.80,1.20
2009.05.27 09:40:52.841,6.3972,6.40325,1.80,1.20
2009.05.27 09:40:55.781,6.3973,6.40335,1.80,1.20
2009.05.27 09:40:56.730,6.3978,6.40385,1.80,1.20
2009.05.27 09:40:56.960,6.3979,6.40395,1.80,1.20
2009.05.27 09:40:57.830,6.39785,6.40395,1.80,1.20
2009.05.27 09:40:59.079,6.3979,6.404,1.80,1.20
2009.05.27 09:40:59.549,6.3978,6.4039,1.80,1.20
2009.05.27 09:41:00.339,6.39775,6.4038,1.80,1.20
2009.05.27 09:41:00.969,6.39785,6.4039,1.80,1.20
2009.05.27 09:41:01.789,6.3975,6.4035,1.80,1.20
2009.05.27 09:41:02.139,6.39745,6.40345,1.80,1.20
2009.05.27 09:41:02.869,6.3975,6.4035,1.80,1.20
2009.05.27 09:41:03.628,6.39725,6.4033,1.80,1.20
2009.05.27 09:41:04.868,6.3974,6.4034,1.80,1.20
2009.05.27 09:41:12.507,6.39725,6.4033,1.80,1.20
2009.05.27 09:41:15.876,6.3973,6.40335,1.80,1.20
2009.05.27 09:41:16.516,6.3975,6.4035,1.80,1.20
2009.05.27 09:41:17.975,6.3977,6.40375,1.80,1.20
2009.05.27 09:41:18.565,6.39765,6.4037,1.80,1.20
2009.05.27 09:41:19.026,6.3975,6.40355,1.80,1.20
2009.05.27 09:41:21.764,6.39745,6.40345,1.80,1.20
2009.05.27 09:41:23.134,6.39725,6.4033,1.80,1.20
2009.05.27 09:41:24.093,6.3972,6.40325,1.80,1.20
2009.05.27 09:41:28.052,6.3975,6.4035,1.80,1.20
2009.05.27 09:41:28.742,6.39735,6.4034,1.80,1.20
2009.05.27 09:41:31.702,6.39725,6.4033,1.80,1.20
2009.05.27 09:41:33.141,6.3974,6.4034,1.80,1.20
2009.05.27 09:41:34.921,6.39735,6.4034,1.80,1.20
2009.05.27 09:41:35.561,6.39765,6.4037,1.80,1.20
2009.05.27 09:41:36.591,6.39755,6.4036,1.80,1.20
2009.05.27 09:41:37.421,6.39745,6.40345,1.80,1.20
2009.05.27 09:41:39.820,6.3977,6.40375,1.80,1.20
2009.05.27 09:41:42.149,6.3975,6.40355,1.80,1.20
2009.05.27 09:41:43.269,6.39735,6.4034,1.80,1.20
2009.05.27 09:41:48.358,6.3978,6.40385,1.80,1.20
2009.05.27 09:41:51.767,6.39765,6.4037,1.80,1.20
2009.05.27 09:41:52.217,6.3975,6.4035,1.80,1.20
2009.05.27 09:41:52.797,6.39725,6.4033,1.80,1.20
2009.05.27 09:41:54.556,6.3972,6.40325,1.80,1.20
2009.05.27 09:41:57.245,6.39735,6.4034,1.80,1.20
2009.05.27 09:41:58.036,6.39725,6.4033,1.80,1.20
2009.05.27 09:42:06.154,6.3971,6.40315,1.80,1.20
2009.05.27 09:42:06.973,6.39725,6.4033,1.80,1.20
2009.05.27 09:42:08.183,6.39735,6.4034,1.80,1.20
2009.05.27 09:42:08.593,6.39725,6.4033,1.80,1.20
2009.05.27 09:42:10.533,6.3974,6.4034,1.80,1.20
2009.05.27 09:42:12.242,6.39725,6.4033,1.80,1.20
2009.05.27 09:42:12.882,6.39695,6.403,1.80,1.20
2009.05.27 09:42:13.692,6.39655,6.4026,1.80,1.20
2009.05.27 09:42:14.891,6.3968,6.40285,1.80,1.20
2009.05.27 09:42:15.521,6.39645,6.4025,1.80,1.20
2009.05.27 09:42:17.571,6.39655,6.4026,1.80,1.20
2009.05.27 09:42:18.580,6.39615,6.4022,1.80,1.20
2009.05.27 09:42:18.971,6.3959,6.40195,1.80,1.20
2009.05.27 09:42:19.310,6.39585,6.40185,1.80,1.20
2009.05.27 09:42:20.660,6.39585,6.4019,1.80,1.20
2009.05.27 09:42:21.180,6.395,6.4007,1.80,1.00
2009.05.27 09:42:22.799,6.39475,6.4005,1.80,1.00
2009.05.27 09:42:23.199,6.3949,6.4005,1.60,1.00
2009.05.27 09:42:23.419,6.3949,6.4009,1.60,2.20
2009.05.27 09:42:23.869,6.3949,6.4009,1.60,1.20
2009.05.27 09:42:24.029,6.3951,6.4009,1.60,1.20
2009.05.27 09:42:24.199,6.3954,6.401,1.60,1.00
2009.05.27 09:42:24.379,6.3954,6.40125,1.60,1.20
2009.05.27 09:42:24.889,6.3952,6.40125,3.40,1.20
2009.05.27 09:42:25.289,6.39525,6.4013,1.80,1.20
2009.05.27 09:42:25.789,6.3953,6.40135,1.80,1.20
2009.05.27 09:42:25.959,6.39535,6.40135,1.60,1.20
2009.05.27 09:42:27.738,6.39555,6.4014,1.80,1.00
2009.05.27 09:42:28.648,6.39535,6.40135,1.60,1.20
2009.05.27 09:42:29.588,6.39555,6.4014,1.60,2.20
2009.05.27 09:42:30.048,6.39565,6.4014,1.80,1.00
2009.05.27 09:42:30.218,6.39585,6.4017,1.60,1.20
2009.05.27 09:42:30.728,6.39565,6.4017,1.80,1.20
2009.05.27 09:42:30.968,6.39565,6.4014,1.80,1.00
2009.05.27 09:42:32.047,6.39555,6.40135,1.60,1.20
2009.05.27 09:42:33.917,6.3954,6.4014,1.60,2.20
2009.05.27 09:42:34.377,6.3954,6.40135,1.60,1.20
2009.05.27 09:42:34.617,6.3953,6.40135,1.80,1.20
2009.05.27 09:42:35.036,6.3951,6.4011,1.80,1.20
2009.05.27 09:42:35.257,6.3951,6.401,3.40,1.00
2009.05.27 09:42:35.537,6.3951,6.4009,1.80,1.00
2009.05.27 09:42:35.886,6.39495,6.4009,1.80,1.00
2009.05.27 09:42:36.596,6.3951,6.4009,1.60,1.00
2009.05.27 09:42:36.946,6.3951,6.4009,3.40,1.00
2009.05.27 09:42:37.276,6.3951,6.401,3.40,1.00
2009.05.27 09:42:42.795,6.3951,6.401,1.80,1.00
2009.05.27 09:42:43.274,6.39485,6.4005,1.80,1.00
2009.05.27 09:42:43.614,6.3949,6.4009,1.60,2.20
2009.05.27 09:42:45.104,6.39495,6.4009,1.80,1.00
2009.05.27 09:42:45.514,6.3951,6.4009,1.60,1.00
2009.05.27 09:42:45.724,6.3951,6.401,3.40,1.00
2009.05.27 09:42:46.194,6.39515,6.401,1.80,1.00
2009.05.27 09:42:46.894,6.3951,6.4009,1.60,1.00
2009.05.27 09:42:47.244,6.3951,6.401,1.60,1.00
2009.05.27 09:42:47.703,6.3952,6.401,1.80,1.00
2009.05.27 09:42:49.603,6.3954,6.401,1.60,1.00
2009.05.27 09:42:50.003,6.3954,6.40135,1.60,1.20
2009.05.27 09:42:50.413,6.39555,6.40135,1.60,1.20
2009.05.27 09:42:50.583,6.39555,6.4014,3.40,1.00
2009.05.27 09:42:52.562,6.3956,6.4014,1.80,1.00
2009.05.27 09:42:54.582,6.3956,6.401,1.80,1.00
2009.05.27 09:42:54.752,6.3954,6.401,1.60,1.00
2009.05.27 09:42:54.922,6.3954,6.40135,1.60,1.20
2009.05.27 09:42:55.451,6.3954,6.4014,1.60,2.20
2009.05.27 09:42:56.021,6.39545,6.4014,1.80,1.00
2009.05.27 09:42:57.851,6.39525,6.401,1.80,1.00
2009.05.27 09:42:58.311,6.3954,6.4013,1.60,1.20
2009.05.27 09:42:58.701,6.3954,6.4014,3.40,1.00
2009.05.27 09:42:59.051,6.39555,6.4014,1.60,1.00
2009.05.27 09:42:59.621,6.39565,6.4014,1.80,1.00
2009.05.27 09:43:05.709,6.39555,6.4014,1.80,1.00
2009.05.27 09:43:06.059,6.3955,6.4014,1.80,1.00
2009.05.27 09:43:06.339,6.3954,6.40135,1.60,1.20
2009.05.27 09:43:06.679,6.39555,6.40135,1.60,1.20
2009.05.27 09:43:07.069,6.3956,6.4014,1.80,1.00
2009.05.27 09:43:22.045,6.39645,6.4023,3.40,1.00
2009.05.27 09:43:23.405,6.3966,6.4023,1.80,1.00
2009.05.27 09:43:23.705,6.3966,6.40265,1.80,1.20
2009.05.27 09:43:24.055,6.3966,6.4023,1.80,1.00
2009.05.27 09:43:24.235,6.39695,6.40275,1.60,1.20
2009.05.27 09:43:24.824,6.39705,6.4028,1.80,1.00
2009.05.27 09:43:27.524,6.3971,6.4028,1.80,1.00
2009.05.27 09:43:30.213,6.39735,6.4028,1.60,1.00
2009.05.27 09:43:30.334,6.39735,6.40305,1.60,1.20
2009.05.27 09:43:30.673,6.39735,6.4033,1.60,1.00
2009.05.27 09:43:30.903,6.39745,6.4033,1.80,1.00
2009.05.27 09:43:32.163,6.3977,6.4037,1.80,1.00
2009.05.27 09:43:32.623,6.39765,6.40355,1.60,1.20
2009.05.27 09:43:32.913,6.39785,6.40355,1.60,1.20
2009.05.27 09:43:33.822,6.39785,6.40365,1.60,1.20
2009.05.27 09:43:34.412,6.3976,6.4033,1.80,1.00
2009.05.27 09:43:34.732,6.3975,6.4033,3.40,1.00
2009.05.27 09:43:35.082,6.3976,6.4033,1.80,1.00
2009.05.27 09:43:35.472,6.3977,6.4033,1.80,1.00
2009.05.27 09:43:36.602,6.3976,6.4033,1.80,1.00
2009.05.27 09:43:37.351,6.39765,6.4033,1.80,1.00
2009.05.27 09:43:38.761,6.3976,6.4033,1.80,1.00
2009.05.27 09:43:38.991,6.3976,6.4032,1.80,1.00
2009.05.27 09:43:39.921,6.3973,6.4032,1.80,1.00
2009.05.27 09:43:40.221,6.3973,6.4028,1.80,1.00
2009.05.27 09:43:40.561,6.3971,6.4028,1.80,1.00
2009.05.27 09:43:48.249,6.39715,6.4028,1.80,1.00
2009.05.27 09:43:48.549,6.39705,6.4028,1.60,1.00
2009.05.27 09:43:48.849,6.397,6.4023,1.80,1.00
2009.05.27 09:43:49.139,6.39655,6.4023,1.80,1.00
2009.05.27 09:43:49.429,6.39655,6.4019,1.80,1.00
2009.05.27 09:43:49.659,6.3959,6.4019,1.80,1.00
2009.05.27 09:43:49.989,6.3959,6.4014,1.80,1.00
2009.05.27 09:43:50.888,6.3954,6.4009,1.80,1.00
2009.05.27 09:43:51.348,6.3954,6.401,1.80,1.00
2009.05.27 09:43:51.688,6.3952,6.4009,1.60,1.00
2009.05.27 09:43:52.088,6.3952,6.4011,1.60,1.20
2009.05.27 09:43:52.319,6.3952,6.40125,3.40,1.20
2009.05.27 09:43:52.768,6.39515,6.401,1.80,1.00
2009.05.27 09:43:54.297,6.39545,6.401,1.80,1.00
2009.05.27 09:43:54.577,6.39545,6.4014,1.80,1.00
2009.05.27 09:43:54.877,6.39555,6.4015,1.60,1.20
2009.05.27 09:43:55.117,6.3958,6.4015,1.60,1.20
2009.05.27 09:43:55.397,6.3958,6.4017,1.60,1.20
2009.05.27 09:43:56.137,6.39625,6.4019,1.60,1.00
2009.05.27 09:43:56.537,6.3963,6.40205,1.60,1.20
2009.05.27 09:43:56.817,6.39635,6.4023,1.80,1.00
2009.05.27 09:43:57.387,6.39675,6.4023,1.60,1.00
2009.05.27 09:43:57.667,6.39655,6.4025,1.60,1.20
2009.05.27 09:43:58.256,6.39675,6.4025,1.60,1.20
2009.05.27 09:43:59.826,6.39675,6.4028,3.40,2.20
2009.05.27 09:44:00.926,6.3967,6.4027,1.80,1.20
2009.05.27 09:44:01.316,6.39675,6.4027,1.60,1.20
2009.05.27 09:44:01.536,6.39675,6.4023,1.60,1.00
2009.05.27 09:44:01.696,6.39675,6.4026,1.60,1.20
2009.05.27 09:44:01.996,6.39675,6.4028,3.40,2.20
2009.05.27 09:44:02.336,6.39695,6.4028,1.60,2.20
2009.05.27 09:44:02.925,6.3996,6.4028,3.20,2.20
2009.05.27 09:44:03.345,6.3996,6.4045,3.20,1.20
2009.05.27 09:44:04.695,6.4,6.4044,3.20,1.20
2009.05.27 09:44:07.514,6.4,6.40405,3.20,1.20
2009.05.27 09:44:08.134,6.4,6.40415,3.20,1.20
2009.05.27 09:44:11.683,6.4,6.4043,3.20,1.20
2009.05.27 09:44:11.973,6.4,6.40455,3.20,1.20
2009.05.27 09:44:12.853,6.4,6.40465,3.20,1.20
2009.05.27 09:44:14.173,6.4,6.40425,3.20,1.20
2009.05.27 09:44:14.523,6.4,6.40445,3.20,1.20
2009.05.27 09:44:14.983,6.4,6.4047,3.20,1.20
2009.05.27 09:44:15.723,6.4,6.4043,3.20,1.20
2009.05.27 09:44:17.682,6.4,6.40445,3.20,1.20
2009.05.27 09:44:18.312,6.4,6.4043,3.20,1.20
2009.05.27 09:44:20.271,6.4,6.4044,3.20,1.20
2009.05.27 09:44:21.461,6.4,6.4043,3.20,1.20
2009.05.27 09:44:37.747,6.4,6.4033,3.20,1.00
2009.05.27 09:44:39.936,6.4,6.4029,3.20,1.00
2009.05.27 09:44:40.446,6.4,6.4028,3.20,1.00
2009.05.27 09:44:40.796,6.4,6.40445,3.20,1.20
2009.05.27 09:44:44.635,6.4,6.4047,3.20,1.20
2009.05.27 09:44:45.415,6.4,6.40475,3.20,1.20
2009.05.27 09:44:46.056,6.4,6.4046,3.20,1.20
2009.05.27 09:44:47.695,6.4,6.4046,3.20,1.20
2009.05.27 09:44:51.454,6.4,6.405,3.20,1.20
2009.05.27 09:44:53.473,6.4,6.40425,3.20,1.00
2009.05.27 09:44:53.763,6.4,6.4048,3.20,1.20
2009.05.27 09:44:54.563,6.4,6.40465,3.20,1.20
2009.05.27 09:44:54.973,6.3992,6.40525,1.80,1.20
2009.05.27 09:44:55.383,6.39905,6.4051,1.80,1.20
2009.05.27 09:44:55.923,6.399,6.405,5.00,1.20
2009.05.27 09:44:56.614,6.3995,6.4051,1.80,1.00
2009.05.27 09:44:56.893,6.4,6.40505,3.20,1.20
2009.05.27 09:44:57.302,6.3988,6.4051,5.00,1.20
2009.05.27 09:44:57.583,6.3989,6.4052,1.80,2.20
2009.05.27 09:44:57.922,6.3991,6.40525,1.80,1.00
2009.05.27 09:44:58.152,6.39915,6.40525,1.80,1.00
2009.05.27 09:44:59.142,6.3991,6.4052,1.80,1.20
2009.05.27 09:44:59.952,6.3995,6.40555,1.80,1.20
2009.05.27 09:45:00.192,6.39945,6.4055,1.80,2.20
2009.05.27 09:45:00.592,6.39945,6.4055,1.80,1.20
2009.05.27 09:45:01.291,6.39965,6.4056,1.80,1.00
2009.05.27 09:45:01.461,6.39965,6.4057,1.80,1.20
2009.05.27 09:45:01.731,6.4001,6.406,1.80,1.00
2009.05.27 09:45:02.021,6.4001,6.4062,1.80,1.20
2009.05.27 09:45:02.241,6.4001,6.40605,1.80,1.00
2009.05.27 09:45:03.081,6.4006,6.40655,1.80,1.00
2009.05.27 09:45:03.421,6.4006,6.40645,1.80,1.00
2009.05.27 09:45:03.951,6.4003,6.40605,1.80,1.00
2009.05.27 09:45:04.280,6.4003,6.40625,1.80,1.00
2009.05.27 09:45:04.450,6.4003,6.4064,1.80,1.20
2009.05.27 09:45:04.630,6.40045,6.40605,1.80,1.00
2009.05.27 09:45:05.210,6.40045,6.40645,1.80,1.00
2009.05.27 09:45:08.219,6.4001,6.40605,1.80,1.00
2009.05.27 09:45:09.349,6.40045,6.40605,1.80,1.00
2009.05.27 09:45:09.799,6.40045,6.4064,1.80,1.00
2009.05.27 09:45:10.009,6.4007,6.4065,1.80,1.00
2009.05.27 09:45:10.299,6.4006,6.4065,1.80,1.00
2009.05.27 09:45:14.178,6.4008,6.40645,1.80,1.00
2009.05.27 09:45:14.528,6.4003,6.40605,1.80,1.00
2009.05.27 09:45:15.048,6.4001,6.40605,1.80,1.00
2009.05.27 09:45:16.827,6.40035,6.4064,1.80,2.20
2009.05.27 09:45:17.037,6.40035,6.4064,1.80,1.20
2009.05.27 09:45:17.158,6.40035,6.4064,1.80,2.20
2009.05.27 09:45:17.437,6.4003,6.406,1.80,1.00
2009.05.27 09:45:17.727,6.4003,6.4064,1.80,2.20
2009.05.27 09:45:18.377,6.4006,6.40645,1.80,1.00
2009.05.27 09:45:18.727,6.40035,6.40645,1.80,2.20
2009.05.27 09:45:19.247,6.40035,6.40605,1.80,1.00
2009.05.27 09:45:19.367,6.4002,6.40605,1.80,1.00
2009.05.27 09:45:21.037,6.40035,6.4064,1.80,2.20
2009.05.27 09:45:21.617,6.4006,6.4064,1.80,1.00
2009.05.27 09:45:21.906,6.4006,6.4065,1.80,1.00
2009.05.27 09:45:22.596,6.40065,6.4065,1.80,1.00
2009.05.27 09:45:23.196,6.4008,6.40655,1.80,1.00
2009.05.27 09:45:23.617,6.4008,6.4069,1.80,2.20
2009.05.27 09:45:23.906,6.40085,6.40695,1.80,2.20
2009.05.27 09:45:25.215,6.401,6.40695,1.80,1.00
2009.05.27 09:45:26.315,6.40095,6.40675,1.80,1.00
2009.05.27 09:45:26.635,6.40095,6.40655,1.80,1.00
2009.05.27 09:45:26.695,6.4007,6.40655,1.80,1.00
2009.05.27 09:45:28.295,6.4006,6.4065,1.80,1.00
2009.05.27 09:45:29.115,6.40065,6.40655,1.80,1.00
2009.05.27 09:45:36.123,6.4008,6.40685,1.80,1.20
2009.05.27 09:45:36.963,6.4012,6.40695,1.80,1.00
2009.05.27 09:45:37.982,6.4008,6.40655,1.80,1.00
2009.05.27 09:45:38.892,6.4012,6.40725,1.80,1.20
2009.05.27 09:45:44.411,6.40115,6.4069,1.80,1.00
2009.05.27 09:45:45.561,6.40105,6.40695,1.80,1.00
2009.05.27 09:45:50.459,6.4009,6.4069,1.80,1.00
2009.05.27 09:45:51.279,6.40075,6.40685,1.80,1.20
2009.05.27 09:45:51.399,6.40085,6.40695,1.80,2.20
2009.05.27 09:45:52.219,6.40085,6.40655,1.80,1.00
2009.05.27 09:45:52.449,6.40065,6.40655,1.80,1.00
2009.05.27 09:45:52.969,6.40065,6.40645,1.80,1.00
2009.05.27 09:45:53.718,6.4007,6.4064,1.80,1.00
2009.05.27 09:45:54.488,6.4008,6.4065,1.80,1.00
2009.05.27 09:45:55.029,6.4009,6.4065,1.80,1.00
2009.05.27 09:45:55.628,6.4009,6.4069,1.80,1.00
2009.05.27 09:45:56.038,6.40065,6.40645,1.80,1.00
2009.05.27 09:45:56.258,6.4006,6.40655,1.80,1.00
2009.05.27 09:45:56.888,6.4006,6.40605,1.80,1.00
2009.05.27 09:45:57.368,6.40025,6.40605,1.80,1.00
2009.05.27 09:45:57.828,6.4003,6.40605,1.80,1.00
2009.05.27 09:45:58.457,6.40015,6.40605,1.80,1.00
2009.05.27 09:45:58.747,6.40015,6.40625,1.80,1.20
2009.05.27 09:45:59.547,6.4004,6.4064,1.80,1.00
2009.05.27 09:46:03.576,6.3998,6.40585,1.80,1.20
2009.05.27 09:46:04.096,6.40005,6.406,1.80,1.00
2009.05.27 09:46:05.306,6.40015,6.406,1.80,1.00
2009.05.27 09:46:05.476,6.4002,6.406,1.80,1.00
2009.05.27 09:46:06.126,6.40005,6.406,1.80,1.00
2009.05.27 09:46:07.455,6.4,6.40605,1.80,2.20
2009.05.27 09:46:07.735,6.4,6.40565,1.80,1.00
2009.05.27 09:46:08.775,6.39955,6.40555,1.80,1.00
2009.05.27 09:46:09.345,6.3995,6.40555,1.80,2.20
2009.05.27 09:46:09.865,6.3997,6.4056,1.80,1.00
2009.05.27 09:46:11.094,6.3994,6.40545,1.80,1.20
2009.05.27 09:46:11.275,6.39925,6.4051,1.80,1.00
2009.05.27 09:46:12.024,6.3992,6.40515,1.80,1.00
2009.05.27 09:46:13.064,6.4,6.40465,3.20,1.00
2009.05.27 09:46:13.464,6.4,6.40505,3.20,1.20
2009.05.27 09:46:13.704,6.3992,6.40515,1.80,1.00
2009.05.27 09:46:15.033,6.3993,6.40525,1.80,1.00
2009.05.27 09:46:15.593,6.39935,6.40525,1.80,1.00
2009.05.27 09:46:15.993,6.39955,6.40545,1.80,1.00
2009.05.27 09:46:16.553,6.39955,6.4052,1.80,1.00
2009.05.27 09:46:16.733,6.3994,6.40525,1.80,1.00
2009.05.27 09:46:17.183,6.3994,6.4055,1.80,1.20
2009.05.27 09:46:17.473,6.3997,6.40575,1.80,2.20
2009.05.27 09:46:18.033,6.3996,6.40565,1.80,2.20
2009.05.27 09:46:20.052,6.3996,6.40565,1.80,1.20
2009.05.27 09:46:20.292,6.40005,6.4056,1.80,1.00
2009.05.27 09:46:20.802,6.40005,6.4055,1.80,1.00
2009.05.27 09:46:21.032,6.3996,6.4055,1.80,1.00
2009.05.27 09:46:21.262,6.3996,6.4051,1.80,1.00
2009.05.27 09:46:21.592,6.3992,6.40525,1.80,1.20
2009.05.27 09:46:21.822,6.3992,6.40515,1.80,1.00
2009.05.27 09:46:22.102,6.3992,6.4053,1.80,1.20
2009.05.27 09:46:22.662,6.3996,6.40555,1.80,1.00
2009.05.27 09:46:23.341,6.39975,6.40555,1.80,1.00
2009.05.27 09:46:23.791,6.3996,6.40555,1.80,1.00
2009.05.27 09:46:24.301,6.39935,6.40545,1.80,1.20
2009.05.27 09:46:24.931,6.39935,6.4051,1.80,1.00
2009.05.27 09:46:25.211,6.39925,6.4051,1.80,1.00
2009.05.27 09:46:26.911,6.3993,6.4051,1.80,1.00
2009.05.27 09:46:27.701,6.39915,6.40515,1.80,2.20
2009.05.27 09:46:28.060,6.39925,6.40525,1.80,2.20
2009.05.27 09:46:28.510,6.3992,6.40525,1.80,2.20
2009.05.27 09:46:28.872,6.3994,6.40525,1.80,1.00
2009.05.27 09:46:32.790,6.39935,6.4051,1.80,1.00
2009.05.27 09:46:33.599,6.39915,6.40515,1.80,2.20
2009.05.27 09:46:33.979,6.39915,6.4052,1.80,1.20
2009.05.27 09:46:34.729,6.3997,6.40565,1.80,1.00
2009.05.27 09:46:36.758,6.40005,6.406,1.80,1.00
2009.05.27 09:46:39.458,6.40005,6.4056,1.80,1.00
2009.05.27 09:46:42.007,6.39955,6.40565,1.80,2.20
2009.05.27 09:46:42.237,6.39955,6.40535,1.80,1.00
2009.05.27 09:46:43.267,6.39975,6.40565,1.80,1.00
2009.05.27 09:46:43.907,6.3997,6.40535,1.80,1.00
2009.05.27 09:46:44.077,6.3997,6.40565,1.80,1.00
2009.05.27 09:46:44.487,6.39975,6.40535,1.80,1.00
2009.05.27 09:46:44.706,6.39975,6.4056,1.80,1.00
2009.05.27 09:46:47.316,6.4,6.40255,3.20,1.00
2009.05.27 09:46:47.775,6.4,6.40305,3.20,1.00
2009.05.27 09:46:48.336,6.4,6.40315,3.20,1.00
2009.05.27 09:46:48.636,6.4,6.40305,3.20,1.00
2009.05.27 09:46:49.096,6.4,6.4031,3.20,1.00
2009.05.27 09:46:49.455,6.4,6.403,3.20,1.00
2009.05.27 09:46:50.695,6.4,6.4026,3.20,1.00
2009.05.27 09:46:52.395,6.4,6.403,3.20,1.00
2009.05.27 09:46:52.634,6.4,6.4025,3.20,1.00
2009.05.27 09:46:52.935,6.4,6.403,3.20,1.00
2009.05.27 09:46:53.344,6.4,6.4025,3.20,1.00
2009.05.27 09:46:53.864,6.4,6.4033,3.20,1.00
2009.05.27 09:46:56.544,6.4,6.4009,3.20,1.00
2009.05.27 09:46:56.833,6.4,6.4009,2.60,1.00
2009.05.27 09:46:57.514,6.4,6.4008,2.60,1.00
2009.05.27 09:46:57.803,6.4,6.4008,2.60,1.00
2009.05.27 09:46:59.123,6.39625,6.40405,2.60,1.00
2009.05.27 09:47:00.383,6.4,6.4008,2.60,1.00
2009.05.27 09:47:04.042,6.39535,6.4006,1.80,1.00
2009.05.27 09:47:04.392,6.3996,6.401,1.20,1.00
2009.05.27 09:47:06.791,6.4,6.4015,1.20,1.00
2009.05.27 09:47:09.160,6.4,6.4012,1.20,1.00
2009.05.27 09:47:09.560,6.4,6.4014,1.20,1.00
2009.05.27 09:47:10.071,6.4,6.401,1.20,1.00
2009.05.27 09:47:15.089,6.4,6.4014,1.20,1.00
2009.05.27 09:47:18.998,6.4,6.401,1.20,1.00
2009.05.27 09:47:19.358,6.39423,6.40587,1.20,1.00
2009.05.27 09:47:21.928,6.39593,6.40447,1.20,1.00
2009.05.27 09:47:22.217,6.39597,6.40413,1.20,1.00
2009.05.27 09:47:25.727,6.3958,6.3996,7.50,1.00
2009.05.27 09:47:25.906,6.3958,6.3996,2.10,1.00
2009.05.27 09:47:30.645,6.39505,6.3992,2.10,1.00
2009.05.27 09:47:30.815,6.4,6.4011,1.20,1.60
2009.05.27 09:47:30.925,6.4,6.4011,1.00,1.60
2009.05.27 09:47:31.215,6.39515,6.3996,6.70,1.00
2009.05.27 09:47:31.515,6.39475,6.3996,1.80,1.00
2009.05.27 09:47:31.815,6.39715,6.40165,1.20,1.00
2009.05.27 09:47:32.605,6.39757,6.40193,1.00,1.00
2009.05.27 09:47:34.204,6.4,6.40165,1.00,1.60
2009.05.27 09:47:39.924,6.3975,6.4029,1.00,1.00
2009.05.27 09:47:41.383,6.4,6.4008,1.00,1.00
2009.05.27 09:47:43.112,6.39447,6.40592,1.00,1.00
2009.05.27 09:47:47.841,6.4,6.4016,1.00,1.60
2009.05.27 09:47:48.631,6.39703,6.40337,1.00,1.60
2009.05.27 09:47:49.111,6.39345,6.3986,1.60,1.00
2009.05.27 09:47:49.331,6.394,6.3986,1.60,1.00
2009.05.27 09:47:49.611,6.3935,6.3992,3.40,1.00
2009.05.27 09:47:49.781,6.3935,6.399,1.60,1.00
2009.05.27 09:47:51.510,6.3976,6.399,3.20,1.00
2009.05.27 09:48:02.578,6.398,6.3994,3.20,1.00
2009.05.27 09:48:04.987,6.398,6.399,3.20,1.00
2009.05.27 09:48:05.107,6.398,6.3994,3.20,1.00
2009.05.27 09:48:19.783,6.398,6.399,3.20,1.00
2009.05.27 09:48:20.064,6.398,6.3994,3.20,1.00
2009.05.27 09:48:32.550,6.398,6.399,3.20,1.00
2009.05.27 09:48:32.840,6.398,6.3994,3.20,1.00
2009.05.27 09:48:33.710,6.398,6.399,3.20,1.00
2009.05.27 09:48:34.060,6.398,6.3994,3.20,1.00
2009.05.27 09:48:35.720,6.398,6.399,3.20,1.00
2009.05.27 09:48:38.869,6.398,6.399,3.20,1.00
2009.05.27 09:48:39.219,6.398,6.3994,3.20,1.00
2009.05.27 09:48:39.499,6.398,6.4008,3.20,1.00
2009.05.27 09:48:39.668,6.398,6.399,3.20,1.00
2009.05.27 09:48:40.199,6.398,6.3994,3.20,1.00
2009.05.27 09:48:40.429,6.398,6.399,3.20,1.00
2009.05.27 09:48:40.669,6.398,6.399,3.20,1.00
2009.05.27 09:48:41.878,6.398,6.3986,3.20,1.00
2009.05.27 09:48:45.327,6.394,6.3979,1.80,1.00
2009.05.27 09:48:45.438,6.39405,6.3979,1.60,1.00
2009.05.27 09:48:45.728,6.39573,6.39977,1.20,1.00
2009.05.27 09:48:46.008,6.3976,6.3983,1.20,1.00
2009.05.27 09:48:47.917,6.398,6.4011,1.20,1.00
2009.05.27 09:48:48.537,6.398,6.4011,1.00,1.00
2009.05.27 09:48:49.857,6.398,6.4012,1.00,1.00
2009.05.27 09:48:50.037,6.398,6.4008,1.00,1.00
2009.05.27 09:48:57.815,6.398,6.4012,1.00,1.00
2009.05.27 09:48:57.995,6.398,6.401,1.00,1.00
2009.05.27 09:48:58.115,6.398,6.4012,1.00,1.00
2009.05.27 09:48:59.025,6.398,6.4008,1.00,1.00
2009.05.27 09:48:59.505,6.398,6.4012,1.00,1.00
2009.05.27 09:49:04.563,6.398,6.4008,1.00,1.00
2009.05.27 09:49:04.953,6.398,6.4012,1.00,1.00
2009.05.27 09:49:05.113,6.398,6.4008,1.00,1.00
2009.05.27 09:49:05.633,6.398,6.4012,1.00,1.00
2009.05.27 09:49:10.242,6.398,6.4009,1.00,1.00
