2009.05.27 14:00:00.391,6.3882,6.39525,1.80,1.20
2009.05.27 14:00:02.180,6.38815,6.3952,1.80,1.20
2009.05.27 14:00:02.640,6.3881,6.3951,1.80,1.20
2009.05.27 14:00:02.920,6.3876,6.3946,1.80,1.20
2009.05.27 14:00:03.850,6.38725,6.3943,1.80,1.20
2009.05.27 14:00:04.190,6.3872,6.3942,1.80,1.20
2009.05.27 14:00:04.830,6.38645,6.3935,1.80,1.20
2009.05.27 14:00:05.460,6.38565,6.3927,1.80,1.20
2009.05.27 14:00:06.079,6.3858,6.39285,1.80,1.20
2009.05.27 14:00:07.009,6.384,6.39145,1.80,1.20
2009.05.27 14:00:08.149,6.3836,6.39065,1.80,1.20
2009.05.27 14:00:08.439,6.38455,6.39155,1.80,1.20
2009.05.27 14:00:09.349,6.38285,6.3903,1.80,1.20
2009.05.27 14:00:09.589,6.3848,6.3903,1.60,1.20
2009.05.27 14:00:10.259,6.38525,6.39025,1.60,1.60
2009.05.27 14:00:10.589,6.38495,6.39005,1.60,1.60
2009.05.27 14:00:10.948,6.3851,6.39015,1.60,1.60
2009.05.27 14:00:11.238,6.3857,6.39135,1.00,1.20
2009.05.27 14:00:11.458,6.38555,6.39135,1.00,1.20
2009.05.27 14:00:11.868,6.38615,6.39355,1.80,1.20
2009.05.27 14:00:12.448,6.38635,6.3933,1.80,1.60
2009.05.27 14:00:12.738,6.3868,6.3933,1.80,1.60
2009.05.27 14:00:13.358,6.3868,6.3933,1.80,1.60
2009.05.27 14:00:13.648,6.38625,6.39305,1.80,1.60
2009.05.27 14:00:14.218,6.3858,6.39285,1.80,1.20
2009.05.27 14:00:14.528,6.3858,6.3925,3.40,1.60
2009.05.27 14:00:14.798,6.3858,6.39215,1.60,1.20
2009.05.27 14:00:15.037,6.38565,6.392,1.60,1.60
2009.05.27 14:00:15.387,6.38595,6.3918,1.60,1.60
2009.05.27 14:00:15.737,6.3858,6.3918,1.60,1.60
2009.05.27 14:00:16.087,6.38615,6.39165,1.60,1.60
2009.05.27 14:00:16.597,6.3864,6.39145,1.60,1.60
2009.05.27 14:00:17.687,6.3868,6.39145,1.60,1.60
2009.05.27 14:00:20.156,6.38715,6.39195,1.60,1.60
2009.05.27 14:00:20.456,6.38715,6.39155,1.60,1.60
2009.05.27 14:00:21.356,6.3871,6.39195,1.60,1.60
2009.05.27 14:00:21.526,6.3871,6.3915,1.60,1.00
2009.05.27 14:00:21.866,6.38715,6.3915,1.60,1.00
2009.05.27 14:00:22.966,6.3869,6.3911,1.60,1.60
2009.05.27 14:00:23.485,6.3867,6.3911,1.60,1.60
2009.05.27 14:00:24.115,6.3862,6.3911,1.60,1.60
2009.05.27 14:00:25.595,6.3866,6.3911,1.60,1.60
2009.05.27 14:00:25.995,6.3866,6.391,1.60,1.60
2009.05.27 14:00:27.844,6.38665,6.391,1.60,1.60
2009.05.27 14:00:28.184,6.38665,6.3915,1.60,2.40
2009.05.27 14:00:28.974,6.3867,6.3915,1.60,1.60
2009.05.27 14:00:29.304,6.3867,6.3911,1.60,1.60
2009.05.27 14:00:29.544,6.38665,6.3911,1.60,1.60
2009.05.27 14:00:29.764,6.3869,6.3915,1.60,1.60
2009.05.27 14:00:30.224,6.38705,6.3915,1.60,1.60
2009.05.27 14:00:30.613,6.38685,6.3915,1.60,1.60
2009.05.27 14:00:30.973,6.38705,6.3915,1.60,1.60
2009.05.27 14:00:31.953,6.38665,6.3915,1.60,1.60
2009.05.27 14:00:32.784,6.38705,6.3915,1.60,1.60
2009.05.27 14:00:33.063,6.3867,6.3915,1.60,1.60
2009.05.27 14:00:33.293,6.3867,6.3911,1.60,1.60
2009.05.27 14:00:36.013,6.3862,6.3911,1.60,1.60
2009.05.27 14:00:36.602,6.38575,6.39065,1.60,1.60
2009.05.27 14:00:37.362,6.38615,6.39065,1.60,1.60
2009.05.27 14:00:37.652,6.38615,6.39055,1.60,1.60
2009.05.27 14:00:38.502,6.38595,6.39055,1.60,1.60
2009.05.27 14:00:38.782,6.38575,6.3902,1.60,1.60
2009.05.27 14:00:39.301,6.38575,6.3906,1.60,1.60
2009.05.27 14:00:39.642,6.3862,6.3906,1.60,1.60
2009.05.27 14:00:39.981,6.3862,6.39105,1.60,1.60
2009.05.27 14:00:40.331,6.38575,6.39105,1.60,1.60
2009.05.27 14:00:40.731,6.38575,6.3906,1.60,1.60
2009.05.27 14:00:42.051,6.3857,6.3906,1.60,1.60
2009.05.27 14:00:42.221,6.3857,6.391,1.60,1.60
2009.05.27 14:00:43.380,6.3839,6.3909,1.60,1.20
2009.05.27 14:00:43.840,6.38405,6.3909,1.60,1.20
2009.05.27 14:00:44.480,6.38445,6.3909,1.60,1.20
2009.05.27 14:00:45.410,6.38445,6.39095,1.60,1.20
2009.05.27 14:00:45.890,6.38445,6.3908,1.60,1.20
2009.05.27 14:00:46.340,6.3843,6.3908,1.60,1.20
2009.05.27 14:00:47.030,6.38475,6.3908,1.60,1.20
2009.05.27 14:00:47.380,6.38475,6.3912,1.60,1.20
2009.05.27 14:00:47.669,6.38495,6.3912,1.60,1.20
2009.05.27 14:00:48.689,6.38475,6.3912,1.60,1.20
2009.05.27 14:00:49.049,6.38475,6.39105,1.60,1.20
2009.05.27 14:00:49.329,6.3843,6.39105,1.60,1.20
2009.05.27 14:00:49.559,6.3843,6.3906,1.60,1.20
2009.05.27 14:00:50.199,6.3841,6.3906,1.60,1.20
2009.05.27 14:00:50.709,6.3841,6.39045,1.60,1.20
2009.05.27 14:00:51.439,6.38385,6.3903,1.60,1.20
2009.05.27 14:00:51.739,6.38365,6.3903,1.60,1.20
2009.05.27 14:00:52.028,6.38365,6.38995,1.60,1.20
2009.05.27 14:00:52.318,6.38325,6.3898,1.60,1.20
2009.05.27 14:00:52.568,6.3828,6.3898,1.80,1.20
2009.05.27 14:00:53.348,6.3826,6.389,1.60,1.20
2009.05.27 14:00:53.698,6.38245,6.38895,1.60,1.20
2009.05.27 14:00:53.998,6.38675,6.38895,1.00,1.20
2009.05.27 14:00:54.278,6.38675,6.389,1.20,1.20
2009.05.27 14:00:54.578,6.38675,6.3891,1.20,1.20
2009.05.27 14:00:55.208,6.38775,6.3889,1.20,1.20
2009.05.27 14:00:55.828,6.38775,6.3892,1.20,1.20
2009.05.27 14:00:56.178,6.3817,6.3892,1.60,1.20
2009.05.27 14:00:57.087,6.3817,6.3893,1.60,1.20
2009.05.27 14:00:58.127,6.38285,6.3893,1.60,1.20
2009.05.27 14:00:58.487,6.38735,6.3895,1.20,1.20
2009.05.27 14:00:58.667,6.38735,6.3903,1.00,1.60
2009.05.27 14:00:59.247,6.3853,6.3903,1.80,1.60
2009.05.27 14:00:59.747,6.38535,6.3906,1.80,1.60
2009.05.27 14:01:00.076,6.3853,6.3908,1.80,1.60
2009.05.27 14:01:01.056,6.38595,6.3908,1.80,1.60
2009.05.27 14:01:01.906,6.38575,6.3908,1.00,1.60
2009.05.27 14:01:02.206,6.38575,6.39065,1.00,1.20
2009.05.27 14:01:02.436,6.3832,6.39065,1.80,1.20
2009.05.27 14:01:02.846,6.3826,6.39,1.60,1.20
2009.05.27 14:01:03.976,6.38735,6.3902,1.20,1.20
2009.05.27 14:01:04.256,6.38735,6.3902,1.00,1.20
2009.05.27 14:01:04.486,6.3833,6.3902,1.60,1.20
2009.05.27 14:01:04.706,6.38735,6.39055,1.00,1.20
2009.05.27 14:01:04.935,6.38735,6.39055,1.00,1.20
2009.05.27 14:01:05.046,6.3835,6.39055,1.60,1.20
2009.05.27 14:01:05.415,6.3835,6.39065,1.60,1.20
2009.05.27 14:01:05.805,6.3832,6.39065,1.80,1.20
2009.05.27 14:01:06.145,6.3835,6.39055,1.80,1.20
2009.05.27 14:01:06.485,6.3833,6.3903,1.60,1.20
2009.05.27 14:01:07.045,6.3833,6.39025,1.60,1.20
2009.05.27 14:01:07.455,6.3831,6.39,1.60,1.20
2009.05.27 14:01:07.735,6.38295,6.39,1.80,1.20
2009.05.27 14:01:08.205,6.38285,6.38975,1.60,1.20
2009.05.27 14:01:09.364,6.383,6.38975,1.60,1.20
2009.05.27 14:01:09.654,6.383,6.38985,1.60,1.20
2009.05.27 14:01:09.894,6.383,6.38995,1.60,1.20
2009.05.27 14:01:10.304,6.3833,6.38995,1.60,1.20
2009.05.27 14:01:10.934,6.38345,6.39025,1.60,1.20
2009.05.27 14:01:11.284,6.3833,6.39025,1.60,1.20
2009.05.27 14:01:11.634,6.3835,6.3904,1.60,1.20
2009.05.27 14:01:11.864,6.38355,6.3906,1.80,1.20
2009.05.27 14:01:13.523,6.38345,6.3905,1.80,1.20
2009.05.27 14:01:13.853,6.38335,6.3904,1.80,1.20
2009.05.27 14:01:14.323,6.3832,6.3902,1.80,1.20
2009.05.27 14:01:15.183,6.38135,6.3883,1.80,1.00
2009.05.27 14:01:16.122,6.38105,6.3882,1.60,1.20
2009.05.27 14:01:16.982,6.38125,6.3874,1.60,1.20
2009.05.27 14:01:17.212,6.38125,6.38745,1.60,1.20
2009.05.27 14:01:17.672,6.3816,6.38745,1.60,1.20
2009.05.27 14:01:17.852,6.3816,6.3877,1.60,1.20
2009.05.27 14:01:19.472,6.3816,6.3879,1.60,1.20
2009.05.27 14:01:20.611,6.3816,6.38785,1.60,1.20
2009.05.27 14:01:21.441,6.38125,6.38785,1.60,1.20
2009.05.27 14:01:21.861,6.38125,6.3875,1.60,1.20
2009.05.27 14:01:22.101,6.3812,6.3876,1.60,1.20
2009.05.27 14:01:22.381,6.3815,6.3876,1.60,1.20
2009.05.27 14:01:22.601,6.3815,6.3878,1.60,1.20
2009.05.27 14:01:22.901,6.3816,6.3878,1.60,1.20
2009.05.27 14:01:23.081,6.3816,6.3879,1.60,1.20
2009.05.27 14:01:23.861,6.3816,6.3878,1.60,1.00
2009.05.27 14:01:24.151,6.38125,6.3878,1.60,1.00
2009.05.27 14:01:24.441,6.38125,6.3878,1.60,2.20
2009.05.27 14:01:25.130,6.38125,6.3878,1.60,1.00
2009.05.27 14:01:25.690,6.38125,6.3874,1.60,1.00
2009.05.27 14:01:25.960,6.38075,6.3874,3.40,1.00
2009.05.27 14:01:28.560,6.38175,6.38795,1.60,1.20
2009.05.27 14:01:29.509,6.38215,6.3887,1.60,2.20
2009.05.27 14:01:30.459,6.38215,6.3887,1.60,1.00
2009.05.27 14:01:30.809,6.38215,6.3885,1.60,1.60
2009.05.27 14:01:31.859,6.3822,6.3885,1.60,1.60
2009.05.27 14:01:32.209,6.38245,6.38895,1.60,1.20
2009.05.27 14:01:32.599,6.3826,6.38895,1.60,1.20
2009.05.27 14:01:33.128,6.38285,6.3894,1.60,2.80
2009.05.27 14:01:33.469,6.38285,6.3893,1.60,1.00
2009.05.27 14:01:33.769,6.38265,6.3894,1.60,1.60
2009.05.27 14:01:33.828,6.38285,6.3892,1.60,1.00
2009.05.27 14:01:34.118,6.38285,6.389,1.60,1.60
2009.05.27 14:01:34.348,6.38265,6.389,1.60,1.60
2009.05.27 14:01:34.568,6.38285,6.3894,1.60,1.60
2009.05.27 14:01:35.248,6.3827,6.38905,1.60,1.60
2009.05.27 14:01:36.098,6.38225,6.38905,1.80,1.60
2009.05.27 14:01:36.568,6.38225,6.389,1.80,1.60
2009.05.27 14:01:37.088,6.3822,6.389,1.60,1.60
2009.05.27 14:01:37.257,6.38215,6.389,1.60,1.60
2009.05.27 14:01:37.537,6.3824,6.3891,1.60,1.20
2009.05.27 14:01:37.877,6.3824,6.38925,1.60,1.20
2009.05.27 14:01:38.287,6.38215,6.3892,3.40,1.20
2009.05.27 14:01:38.627,6.3824,6.3892,1.60,1.20
2009.05.27 14:01:38.927,6.3826,6.3893,1.60,1.00
2009.05.27 14:01:39.287,6.3826,6.389,1.60,1.60
2009.05.27 14:01:39.687,6.38215,6.389,1.60,1.60
2009.05.27 14:01:40.877,6.3823,6.3892,1.60,2.20
2009.05.27 14:01:41.227,6.38215,6.3892,3.40,1.20
2009.05.27 14:01:41.696,6.3824,6.3892,1.60,1.20
2009.05.27 14:01:42.136,6.38255,6.3894,1.60,2.80
2009.05.27 14:01:44.346,6.38255,6.3893,1.60,1.20
2009.05.27 14:01:44.806,6.383,6.3894,1.60,1.60
2009.05.27 14:01:45.146,6.383,6.3893,1.60,1.60
2009.05.27 14:01:45.896,6.3832,6.3897,1.60,1.20
2009.05.27 14:01:46.645,6.38345,6.38985,1.60,1.60
2009.05.27 14:01:47.205,6.3835,6.39015,1.60,1.20
2009.05.27 14:01:47.575,6.3835,6.3903,1.60,2.80
2009.05.27 14:01:48.215,6.3839,6.3903,1.60,1.60
2009.05.27 14:01:51.284,6.38355,6.3903,1.80,1.60
2009.05.27 14:01:51.614,6.3835,6.3903,1.60,1.60
2009.05.27 14:01:52.884,6.38355,6.3899,1.60,1.60
2009.05.27 14:01:53.124,6.3833,6.39025,1.60,1.20
2009.05.27 14:01:53.424,6.3833,6.3902,1.60,1.20
2009.05.27 14:01:53.824,6.3835,6.3902,1.60,1.20
2009.05.27 14:01:54.094,6.3835,6.3903,1.60,1.60
2009.05.27 14:01:54.693,6.3839,6.3903,1.60,1.60
2009.05.27 14:01:55.333,6.38335,6.3899,1.60,1.60
2009.05.27 14:01:55.693,6.38335,6.39025,1.60,1.20
2009.05.27 14:01:56.053,6.3839,6.3903,1.60,1.60
2009.05.27 14:01:57.463,6.38355,6.3901,1.60,1.00
2009.05.27 14:01:57.633,6.38355,6.3899,1.60,1.60
2009.05.27 14:02:00.402,6.38355,6.3901,1.60,1.00
2009.05.27 14:02:00.682,6.38355,6.3899,1.60,1.60
2009.05.27 14:02:02.182,6.3835,6.3903,1.60,2.80
2009.05.27 14:02:02.521,6.3833,6.3897,1.80,1.00
2009.05.27 14:02:02.911,6.38315,6.3895,1.60,1.60
2009.05.27 14:02:03.211,6.38275,6.3895,1.80,1.60
2009.05.27 14:02:04.291,6.38265,6.3895,1.60,2.80
2009.05.27 14:02:04.761,6.383,6.3893,1.60,1.00
2009.05.27 14:02:05.121,6.38245,6.389,1.60,1.60
2009.05.27 14:02:05.411,6.3823,6.3891,1.80,1.00
2009.05.27 14:02:05.701,6.38215,6.3889,1.60,1.60
2009.05.27 14:02:06.841,6.3822,6.3885,1.60,1.60
2009.05.27 14:02:07.600,6.3819,6.3885,1.60,1.60
2009.05.27 14:02:07.840,6.3819,6.38805,1.60,1.60
2009.05.27 14:02:07.950,6.3817,6.38845,1.60,2.80
2009.05.27 14:02:08.650,6.3817,6.38805,1.60,1.60
2009.05.27 14:02:09.450,6.3817,6.3878,1.60,1.00
2009.05.27 14:02:09.800,6.38165,6.38765,1.60,1.60
2009.05.27 14:02:10.100,6.38165,6.38805,1.60,1.20
2009.05.27 14:02:10.929,6.38215,6.38835,1.60,1.60
2009.05.27 14:02:12.829,6.3826,6.38835,1.00,1.60
2009.05.27 14:02:12.949,6.38355,6.38815,1.60,1.60
2009.05.27 14:02:13.489,6.38365,6.38815,1.60,1.60
2009.05.27 14:02:13.709,6.38365,6.38825,1.60,1.60
2009.05.27 14:02:14.948,6.3841,6.3891,1.60,1.60
2009.05.27 14:02:15.249,6.38435,6.3892,1.60,1.60
2009.05.27 14:02:16.008,6.38435,6.3888,1.60,1.60
2009.05.27 14:02:16.358,6.3846,6.3888,1.60,1.60
2009.05.27 14:02:17.168,6.3842,6.3888,1.60,1.60
2009.05.27 14:02:17.528,6.3842,6.38925,1.60,1.60
2009.05.27 14:02:17.708,6.38345,6.38925,1.80,1.60
2009.05.27 14:02:17.868,6.3843,6.38925,1.80,1.60
2009.05.27 14:02:18.427,6.38465,6.39165,1.80,1.60
2009.05.27 14:02:18.668,6.385,6.39165,1.80,1.60
2009.05.27 14:02:19.348,6.3852,6.39165,1.80,1.60
2009.05.27 14:02:19.817,6.38545,6.3917,1.80,1.60
2009.05.27 14:02:20.257,6.3857,6.3917,1.80,1.60
2009.05.27 14:02:20.937,6.38535,6.3901,1.60,1.60
2009.05.27 14:02:21.697,6.3854,6.3906,1.60,1.60
2009.05.27 14:02:21.977,6.38585,6.3902,1.60,1.60
2009.05.27 14:02:22.317,6.38585,6.39065,1.60,1.60
2009.05.27 14:02:22.547,6.38665,6.39065,1.60,1.60
2009.05.27 14:02:22.777,6.38665,6.39105,1.60,1.60
2009.05.27 14:02:24.336,6.38715,6.39105,1.60,1.60
2009.05.27 14:02:24.596,6.38715,6.3915,1.60,1.60
2009.05.27 14:02:25.116,6.38595,6.3915,1.60,1.60
2009.05.27 14:02:25.396,6.3866,6.3915,1.80,1.60
2009.05.27 14:02:25.756,6.387,6.39425,1.60,1.20
2009.05.27 14:02:26.266,6.38685,6.3943,1.80,1.20
2009.05.27 14:02:26.856,6.3876,6.394,1.80,1.60
2009.05.27 14:02:27.086,6.3876,6.3946,1.80,1.60
2009.05.27 14:02:28.315,6.3878,6.3946,1.80,1.60
2009.05.27 14:02:29.175,6.38785,6.3942,1.80,1.60
2009.05.27 14:02:29.705,6.3876,6.3942,1.80,1.60
2009.05.27 14:02:31.624,6.3874,6.3941,1.80,1.60
2009.05.27 14:02:32.614,6.38725,6.39375,1.80,1.60
2009.05.27 14:02:33.354,6.3873,6.39415,1.80,1.60
2009.05.27 14:02:35.154,6.38725,6.39415,1.80,1.60
2009.05.27 14:02:35.554,6.38705,6.39375,1.80,1.60
2009.05.27 14:02:36.295,6.387,6.39375,1.80,1.60
2009.05.27 14:02:37.593,6.38675,6.3933,1.80,1.60
2009.05.27 14:02:38.124,6.38665,6.3933,1.80,1.60
2009.05.27 14:02:39.402,6.38665,6.3937,1.80,2.80
2009.05.27 14:02:39.732,6.3867,6.3937,1.80,1.60
2009.05.27 14:02:40.082,6.3867,6.3933,1.80,1.60
2009.05.27 14:02:40.522,6.38655,6.3933,1.80,1.60
2009.05.27 14:02:40.872,6.38645,6.3933,1.80,1.60
2009.05.27 14:02:41.222,6.38645,6.39285,1.80,1.60
2009.05.27 14:02:41.852,6.38625,6.39285,1.80,1.60
2009.05.27 14:02:44.071,6.3857,6.3924,1.80,1.60
2009.05.27 14:02:45.611,6.38615,6.39275,1.80,1.60
2009.05.27 14:02:47.651,6.3862,6.39275,1.80,1.60
2009.05.27 14:02:49.110,6.38625,6.39275,1.80,1.60
2009.05.27 14:02:50.110,6.3863,6.39275,1.80,1.60
2009.05.27 14:02:50.580,6.3863,6.39325,1.80,1.60
2009.05.27 14:02:51.040,6.3866,6.39325,1.80,1.60
2009.05.27 14:02:52.289,6.3867,6.39325,1.80,1.60
2009.05.27 14:02:52.979,6.3871,6.39325,1.80,1.60
2009.05.27 14:02:53.149,6.3871,6.39365,1.80,1.60
2009.05.27 14:02:55.449,6.38715,6.39365,1.80,1.60
2009.05.27 14:02:58.158,6.38745,6.3941,1.80,1.60
2009.05.27 14:02:59.068,6.3876,6.3946,1.80,1.60
2009.05.27 14:02:59.978,6.38785,6.3946,1.80,1.60
2009.05.27 14:03:00.437,6.3879,6.3946,1.80,1.60
2009.05.27 14:03:01.697,6.3883,6.395,1.80,1.60
2009.05.27 14:03:02.467,6.3885,6.395,1.80,1.60
2009.05.27 14:03:02.817,6.3885,6.3955,1.80,1.60
2009.05.27 14:03:04.686,6.38895,6.3955,1.80,1.60
2009.05.27 14:03:05.246,6.38915,6.396,1.80,1.60
2009.05.27 14:03:05.726,6.3893,6.396,1.80,1.60
2009.05.27 14:03:07.786,6.3894,6.396,1.80,1.60
2009.05.27 14:03:08.066,6.3894,6.3964,1.80,1.60
2009.05.27 14:03:08.826,6.38985,6.3964,1.80,1.60
2009.05.27 14:03:09.046,6.38985,6.3969,1.80,1.20
2009.05.27 14:03:09.575,6.39055,6.39695,1.80,1.60
2009.05.27 14:03:10.505,6.391,6.39785,1.80,1.60
2009.05.27 14:03:11.325,6.3909,6.39785,1.80,1.60
2009.05.27 14:03:12.015,6.39065,6.3974,1.80,1.60
2009.05.27 14:03:12.595,6.3903,6.397,1.80,1.60
2009.05.27 14:03:13.194,6.38995,6.397,1.80,2.80
2009.05.27 14:03:13.475,6.38995,6.39655,1.80,1.60
2009.05.27 14:03:13.774,6.38995,6.39645,1.80,1.60
2009.05.27 14:03:14.114,6.38935,6.3964,1.80,1.20
2009.05.27 14:03:14.404,6.38995,6.39685,1.80,1.60
2009.05.27 14:03:15.044,6.38975,6.3965,1.80,1.60
2009.05.27 14:03:16.144,6.3901,6.3969,1.80,1.60
2009.05.27 14:03:16.564,6.3902,6.3969,1.80,1.60
2009.05.27 14:03:18.163,6.39025,6.3969,1.80,1.60
2009.05.27 14:03:18.613,6.39,6.3969,1.80,1.60
2009.05.27 14:03:19.353,6.39,6.3965,1.80,1.60
2009.05.27 14:03:19.733,6.38965,6.3965,1.80,1.60
2009.05.27 14:03:20.283,6.38965,6.3964,1.80,1.60
2009.05.27 14:03:20.903,6.38975,6.3964,1.80,1.60
2009.05.27 14:03:21.992,6.38975,6.3968,1.80,1.20
2009.05.27 14:03:24.092,6.39,6.3969,1.80,1.60
2009.05.27 14:03:24.551,6.3907,6.3973,1.80,1.60
2009.05.27 14:03:25.062,6.3907,6.39775,1.80,1.20
2009.05.27 14:03:25.521,6.39105,6.39785,1.80,1.60
2009.05.27 14:03:25.911,6.391,6.39785,1.80,1.60
2009.05.27 14:03:26.671,6.39095,6.39785,1.80,1.60
2009.05.27 14:03:27.251,6.3908,6.39785,1.80,2.80
2009.05.27 14:03:27.591,6.3908,6.3974,1.80,1.60
2009.05.27 14:03:28.121,6.3908,6.39785,1.80,2.80
2009.05.27 14:03:28.531,6.39095,6.39785,1.80,1.60
2009.05.27 14:03:29.121,6.3911,6.39785,1.80,1.60
2009.05.27 14:03:29.800,6.3912,6.39785,1.80,1.60
2009.05.27 14:03:30.420,6.39125,6.39785,1.80,1.60
2009.05.27 14:03:31.640,6.39135,6.39785,1.80,1.60
2009.05.27 14:03:31.940,6.39135,6.39825,1.80,1.60
2009.05.27 14:03:32.590,6.39175,6.39825,1.80,1.60
2009.05.27 14:03:33.101,6.3917,6.39825,1.80,1.60
2009.05.27 14:03:33.461,6.3917,6.3979,1.80,1.60
2009.05.27 14:03:33.519,6.3913,6.3979,1.80,1.60
2009.05.27 14:03:34.939,6.3916,6.3979,1.80,1.60
2009.05.27 14:03:35.569,6.3916,6.39825,1.80,1.60
2009.05.27 14:03:35.969,6.39135,6.3979,1.80,1.60
2009.05.27 14:03:38.078,6.3915,6.3979,1.80,1.60
2009.05.27 14:03:38.538,6.39125,6.3979,1.80,1.60
2009.05.27 14:03:39.578,6.391,6.3979,1.80,1.60
2009.05.27 14:03:40.018,6.391,6.398,1.80,1.20
2009.05.27 14:03:40.408,6.3916,6.39795,1.80,1.60
2009.05.27 14:03:40.698,6.39165,6.39785,1.80,1.60
2009.05.27 14:03:40.988,6.3913,6.39785,1.80,1.60
2009.05.27 14:03:41.637,6.3912,6.39785,1.80,1.60
2009.05.27 14:03:42.137,6.3909,6.39745,1.80,1.60
2009.05.27 14:03:42.877,6.3911,6.39785,1.80,1.60
2009.05.27 14:03:44.257,6.39105,6.39785,1.80,1.60
2009.05.27 14:03:44.607,6.39105,6.39695,1.80,1.60
2009.05.27 14:03:44.997,6.39025,6.39695,1.80,1.60
2009.05.27 14:03:45.797,6.3901,6.39695,1.80,1.60
2009.05.27 14:03:46.186,6.3901,6.39685,1.80,1.60
2009.05.27 14:03:46.656,6.38985,6.3965,1.80,1.60
2009.05.27 14:03:47.246,6.38995,6.3968,1.80,1.60
2009.05.27 14:03:47.836,6.39055,6.3974,1.80,1.60
2009.05.27 14:03:49.416,6.3906,6.3974,1.80,1.60
2009.05.27 14:03:49.756,6.39045,6.3974,1.80,1.60
2009.05.27 14:03:50.046,6.39045,6.39695,1.80,1.60
2009.05.27 14:03:50.335,6.39015,6.39695,1.80,1.60
2009.05.27 14:03:51.475,6.39025,6.39695,1.80,1.60
2009.05.27 14:03:51.705,6.39025,6.39685,1.80,1.60
2009.05.27 14:03:51.935,6.39035,6.39685,1.80,1.60
2009.05.27 14:03:53.045,6.39035,6.3974,1.80,2.80
2009.05.27 14:03:53.375,6.39045,6.3974,1.80,1.60
2009.05.27 14:03:53.495,6.3905,6.3974,1.80,1.60
2009.05.27 14:03:54.285,6.39075,6.3974,1.80,1.60
2009.05.27 14:03:54.685,6.39065,6.3974,1.80,1.60
2009.05.27 14:03:55.384,6.39035,6.39695,1.80,1.60
2009.05.27 14:03:56.184,6.3916,6.39695,1.60,1.60
2009.05.27 14:03:56.664,6.3919,6.3978,1.80,1.60
2009.05.27 14:03:56.944,6.39205,6.3978,1.80,1.60
2009.05.27 14:03:57.804,6.3921,6.3978,1.80,1.60
2009.05.27 14:03:58.554,6.39215,6.3978,1.80,1.60
2009.05.27 14:03:59.143,6.3923,6.3978,1.80,1.60
2009.05.27 14:04:00.023,6.3922,6.3978,1.80,1.60
2009.05.27 14:04:00.663,6.39235,6.3978,1.80,1.60
2009.05.27 14:04:03.352,6.3922,6.3978,1.80,1.60
2009.05.27 14:04:04.432,6.3922,6.3974,1.80,1.60
2009.05.27 14:04:05.242,6.392,6.3974,1.80,1.60
2009.05.27 14:04:06.461,6.3919,6.3974,1.80,1.60
2009.05.27 14:04:07.262,6.3919,6.3978,1.80,1.60
2009.05.27 14:04:07.611,6.392,6.3978,1.80,1.60
2009.05.27 14:04:08.301,6.39265,6.3978,1.60,1.60
2009.05.27 14:04:08.471,6.39265,6.39795,1.60,1.60
2009.05.27 14:04:08.771,6.3927,6.39795,1.60,1.60
2009.05.27 14:04:08.951,6.3927,6.39805,3.40,1.60
2009.05.27 14:04:09.461,6.3927,6.39805,1.80,1.60
2009.05.27 14:04:09.631,6.3926,6.39805,1.80,1.60
2009.05.27 14:04:09.751,6.3926,6.3979,1.80,1.60
2009.05.27 14:04:10.601,6.3925,6.3979,3.40,1.60
2009.05.27 14:04:10.831,6.39235,6.3976,1.80,1.60
2009.05.27 14:04:11.350,6.39325,6.3976,1.60,1.60
2009.05.27 14:04:11.750,6.39305,6.3976,1.60,1.60
2009.05.27 14:04:12.040,6.39305,6.3974,1.60,1.60
2009.05.27 14:04:12.220,6.39325,6.3976,1.60,1.60
2009.05.27 14:04:12.860,6.39325,6.3978,1.60,1.60
2009.05.27 14:04:13.160,6.39345,6.3978,1.60,1.60
2009.05.27 14:04:17.669,6.39385,6.3978,1.60,1.60
2009.05.27 14:04:17.899,6.39385,6.3982,1.60,1.60
2009.05.27 14:04:18.189,6.3943,6.3982,1.60,1.60
2009.05.27 14:04:18.489,6.3946,6.399,1.60,1.60
2009.05.27 14:04:18.949,6.3948,6.3988,1.60,1.60
2009.05.27 14:04:19.249,6.3951,6.39945,1.60,1.60
2009.05.27 14:04:19.539,6.39525,6.3996,1.60,1.60
2009.05.27 14:04:20.288,6.39555,6.3996,1.60,1.60
2009.05.27 14:04:20.688,6.39475,6.3999,1.60,1.60
2009.05.27 14:04:21.158,6.3955,6.4002,1.60,1.00
2009.05.27 14:04:21.508,6.39495,6.4001,1.80,1.00
2009.05.27 14:04:21.738,6.39495,6.4022,1.80,1.20
2009.05.27 14:04:22.498,6.3953,6.40255,1.80,2.80
2009.05.27 14:04:23.218,6.39575,6.4026,1.80,1.60
2009.05.27 14:04:23.567,6.39575,6.4021,1.80,1.60
2009.05.27 14:04:23.917,6.39565,6.4021,1.80,1.60
2009.05.27 14:04:24.788,6.3954,6.4017,1.80,1.60
2009.05.27 14:04:25.027,6.39555,6.4026,1.80,2.80
2009.05.27 14:04:25.537,6.39595,6.40215,1.80,1.60
2009.05.27 14:04:26.237,6.39645,6.40215,1.80,1.60
2009.05.27 14:04:26.627,6.39645,6.4025,1.80,1.60
2009.05.27 14:04:27.496,6.3971,6.40295,1.80,1.60
2009.05.27 14:04:27.837,6.39765,6.4038,1.80,1.60
2009.05.27 14:04:28.396,6.3983,6.40425,1.80,1.60
2009.05.27 14:04:28.636,6.39835,6.4043,1.80,3.20
2009.05.27 14:04:28.876,6.39835,6.40475,1.80,3.20
2009.05.27 14:04:29.156,6.3988,6.40525,1.80,3.20
2009.05.27 14:04:29.726,6.39905,6.40525,1.80,3.20
2009.05.27 14:04:30.296,6.39935,6.40525,1.80,3.20
2009.05.27 14:04:31.106,6.3994,6.40525,1.80,3.20
2009.05.27 14:04:31.456,6.39885,6.40435,1.80,3.20
2009.05.27 14:04:31.925,6.39885,6.4044,1.80,3.20
2009.05.27 14:04:32.675,6.39885,6.4047,1.80,1.00
2009.05.27 14:04:33.005,6.39905,6.40435,1.80,1.60
2009.05.27 14:04:33.245,6.39855,6.4047,1.80,1.60
2009.05.27 14:04:33.825,6.3986,6.4047,1.60,1.60
2009.05.27 14:04:34.585,6.3989,6.40475,1.80,3.20
2009.05.27 14:04:34.985,6.3988,6.40475,1.60,3.20
2009.05.27 14:04:35.335,6.3988,6.40485,1.60,3.20
2009.05.27 14:04:35.684,6.39915,6.40475,1.60,1.00
2009.05.27 14:04:36.085,6.39915,6.4044,1.60,3.20
2009.05.27 14:04:36.384,6.39905,6.4044,1.60,3.20
2009.05.27 14:04:36.864,6.399,6.4044,1.60,3.20
2009.05.27 14:04:37.244,6.399,6.40485,1.60,3.20
2009.05.27 14:04:37.814,6.39925,6.40485,1.60,3.20
2009.05.27 14:04:38.104,6.3996,6.40435,1.60,1.60
2009.05.27 14:04:38.444,6.39965,6.40525,1.60,1.60
2009.05.27 14:04:39.014,6.39955,6.4052,1.60,1.60
2009.05.27 14:04:39.424,6.4,6.40525,1.60,3.20
2009.05.27 14:04:39.764,6.3998,6.40525,1.60,3.20
2009.05.27 14:04:40.623,6.3999,6.40525,1.60,3.20
2009.05.27 14:04:40.973,6.3999,6.40525,1.60,4.00
2009.05.27 14:04:41.263,6.39975,6.4049,1.60,3.20
2009.05.27 14:04:41.603,6.39925,6.4049,1.60,3.20
2009.05.27 14:04:41.933,6.39925,6.4044,1.60,3.20
2009.05.27 14:04:42.443,6.39915,6.4044,1.60,3.20
2009.05.27 14:04:42.763,6.39935,6.40435,1.60,3.20
2009.05.27 14:04:43.283,6.3996,6.40435,1.60,3.20
2009.05.27 14:04:43.603,6.3996,6.4047,1.60,3.20
2009.05.27 14:04:43.883,6.39985,6.4049,1.60,3.20
2009.05.27 14:04:44.473,6.3997,6.40485,1.60,1.60
2009.05.27 14:04:44.762,6.3992,6.4049,1.60,4.00
2009.05.27 14:04:45.203,6.399,6.40475,1.60,3.20
2009.05.27 14:04:45.634,6.39915,6.40475,1.60,3.20
2009.05.27 14:04:45.955,6.39935,6.4048,1.60,3.20
2009.05.27 14:04:46.755,6.39985,6.40525,1.60,4.00
2009.05.27 14:04:46.995,6.3996,6.40525,1.60,3.20
2009.05.27 14:04:47.794,6.3996,6.40525,1.60,4.00
2009.05.27 14:04:50.194,6.3991,6.4036,1.60,1.00
2009.05.27 14:04:50.544,6.3991,6.40345,1.60,1.60
2009.05.27 14:04:53.514,6.3991,6.4036,1.60,1.00
2009.05.27 14:04:53.753,6.3994,6.4038,1.60,1.60
2009.05.27 14:04:54.173,6.3994,6.40375,1.60,1.60
2009.05.27 14:04:54.463,6.39945,6.40385,1.60,1.60
2009.05.27 14:04:55.443,6.3992,6.40385,1.60,1.60
2009.05.27 14:04:55.783,6.3992,6.40375,1.60,1.60
2009.05.27 14:04:56.173,6.3995,6.40385,1.60,1.60
2009.05.27 14:04:57.412,6.3997,6.4042,1.60,1.60
2009.05.27 14:04:58.242,6.39995,6.4042,1.60,1.60
2009.05.27 14:04:58.422,6.39995,6.4043,1.60,1.60
2009.05.27 14:04:58.822,6.4,6.4043,1.60,1.60
2009.05.27 14:04:59.112,6.40045,6.4043,1.60,1.60
2009.05.27 14:04:59.412,6.40035,6.4045,1.60,1.00
2009.05.27 14:04:59.692,6.40035,6.4048,1.60,1.60
2009.05.27 14:04:59.922,6.40045,6.4048,1.60,1.60
2009.05.27 14:05:00.562,6.40045,6.4046,1.60,1.00
2009.05.27 14:05:00.922,6.40085,6.4048,1.60,1.60
2009.05.27 14:05:01.221,6.40085,6.4051,1.60,1.00
2009.05.27 14:05:02.371,6.4013,6.4052,1.60,1.60
2009.05.27 14:05:02.721,6.4013,6.4055,1.60,1.00
2009.05.27 14:05:03.001,6.4021,6.4055,1.60,1.00
2009.05.27 14:05:03.301,6.4021,6.40565,1.60,1.60
2009.05.27 14:05:03.691,6.4027,6.40655,1.60,1.60
2009.05.27 14:05:04.091,6.4027,6.40695,1.60,4.00
2009.05.27 14:05:04.331,6.4023,6.40605,1.60,1.00
2009.05.27 14:05:04.841,6.40195,6.40605,1.60,1.00
2009.05.27 14:05:05.181,6.40185,6.40515,1.60,1.00
2009.05.27 14:05:05.581,6.40105,6.40515,1.60,1.00
2009.05.27 14:05:05.930,6.40135,6.40525,1.60,1.00
2009.05.27 14:05:06.160,6.40135,6.40515,1.60,1.00
2009.05.27 14:05:06.440,6.4012,6.4051,1.60,1.00
2009.05.27 14:05:07.180,6.401,6.4047,1.60,1.00
2009.05.27 14:05:07.520,6.40055,6.4047,1.60,1.00
2009.05.27 14:05:08.180,6.40075,6.4047,1.60,1.00
2009.05.27 14:05:08.940,6.39905,6.4031,1.60,1.00
2009.05.27 14:05:09.779,6.3994,6.4035,1.60,1.00
2009.05.27 14:05:10.669,6.3999,6.4031,1.60,1.00
2009.05.27 14:05:11.009,6.4001,6.4052,1.60,2.20
2009.05.27 14:05:11.229,6.4001,6.40435,1.60,1.00
2009.05.27 14:05:11.450,6.4008,6.40435,1.00,1.00
2009.05.27 14:05:11.919,6.3988,6.40335,1.60,1.00
2009.05.27 14:05:12.149,6.3989,6.40335,1.60,1.00
2009.05.27 14:05:12.889,6.3991,6.40335,1.60,1.00
2009.05.27 14:05:13.239,6.3996,6.40315,1.60,1.00
2009.05.27 14:05:13.539,6.3996,6.40475,1.60,2.20
2009.05.27 14:05:13.838,6.3996,6.40375,1.60,1.00
2009.05.27 14:05:14.068,6.39945,6.40335,1.60,1.00
2009.05.27 14:05:15.218,6.3996,6.40315,1.60,1.00
2009.05.27 14:05:17.048,6.3967,6.4035,1.60,2.20
2009.05.27 14:05:17.507,6.3967,6.40275,1.60,1.00
2009.05.27 14:05:18.377,6.3971,6.40255,1.60,1.20
2009.05.27 14:05:19.247,6.3971,6.4024,1.60,1.20
2009.05.27 14:05:19.757,6.3971,6.40225,1.60,1.20
2009.05.27 14:05:19.877,6.39675,6.4022,1.60,1.20
2009.05.27 14:05:21.387,6.39675,6.4019,1.60,1.20
2009.05.27 14:05:21.726,6.3963,6.40245,1.60,1.20
2009.05.27 14:05:22.536,6.3967,6.40245,1.60,1.20
2009.05.27 14:05:22.826,6.39635,6.40245,1.60,1.20
2009.05.27 14:05:23.046,6.39635,6.4022,1.60,1.20
2009.05.27 14:05:23.606,6.3967,6.4022,1.60,1.20
2009.05.27 14:05:24.196,6.3963,6.40225,1.60,1.20
2009.05.27 14:05:24.586,6.3963,6.4019,1.60,1.00
2009.05.27 14:05:25.626,6.39575,6.4019,1.60,1.00
2009.05.27 14:05:25.967,6.3961,6.4019,1.60,1.00
2009.05.27 14:05:28.135,6.3959,6.40185,1.60,1.20
2009.05.27 14:05:28.605,6.39575,6.40185,1.60,1.20
2009.05.27 14:05:29.555,6.3962,6.40175,1.60,1.20
2009.05.27 14:05:29.845,6.39575,6.40175,1.60,1.20
2009.05.27 14:05:30.315,6.3962,6.4018,1.60,1.20
2009.05.27 14:05:30.734,6.39655,6.4018,1.60,1.20
2009.05.27 14:05:31.024,6.3967,6.4027,1.60,2.20
2009.05.27 14:05:31.314,6.3967,6.4027,1.60,1.20
2009.05.27 14:05:31.664,6.397,6.4028,1.60,2.20
2009.05.27 14:05:32.014,6.39715,6.4028,1.60,1.20
2009.05.27 14:05:32.364,6.3972,6.4028,1.60,1.00
2009.05.27 14:05:32.704,6.39715,6.4031,1.60,1.60
2009.05.27 14:05:33.064,6.39755,6.4031,1.60,1.60
2009.05.27 14:05:33.874,6.39715,6.4031,1.60,1.60
2009.05.27 14:05:34.443,6.39755,6.4031,1.60,1.60
2009.05.27 14:05:34.714,6.3976,6.4031,1.60,1.60
2009.05.27 14:05:34.953,6.3976,6.4036,1.60,2.80
2009.05.27 14:05:35.523,6.398,6.4036,1.60,2.80
2009.05.27 14:05:35.743,6.3975,6.4036,1.60,1.60
2009.05.27 14:05:36.133,6.3975,6.40335,1.60,1.60
2009.05.27 14:05:36.793,6.3975,6.403,1.60,1.60
2009.05.27 14:05:37.193,6.3975,6.4034,1.60,1.60
2009.05.27 14:05:37.543,6.3979,6.4034,1.60,1.60
2009.05.27 14:05:37.763,6.39835,6.4037,1.60,1.20
2009.05.27 14:05:38.052,6.39835,6.4038,1.60,1.60
2009.05.27 14:05:38.512,6.39825,6.403,1.60,1.60
2009.05.27 14:05:38.903,6.3984,6.40355,1.60,1.60
2009.05.27 14:05:39.232,6.3984,6.4031,1.60,1.60
2009.05.27 14:05:39.632,6.39875,6.4031,1.60,1.60
2009.05.27 14:05:39.992,6.3992,6.404,1.60,1.60
2009.05.27 14:05:40.342,6.39925,6.404,1.60,1.60
2009.05.27 14:05:40.682,6.39965,6.40445,1.60,1.60
2009.05.27 14:05:41.032,6.4001,6.40445,1.60,1.60
2009.05.27 14:05:41.322,6.3997,6.40485,1.60,1.60
2009.05.27 14:05:41.722,6.4001,6.40495,1.60,3.20
2009.05.27 14:05:42.052,6.3997,6.40495,1.60,3.20
2009.05.27 14:05:42.341,6.39975,6.40455,1.60,3.20
2009.05.27 14:05:43.361,6.3997,6.40455,1.60,3.20
2009.05.27 14:05:43.711,6.39975,6.40455,1.60,3.20
2009.05.27 14:05:44.361,6.3992,6.40455,1.60,3.20
2009.05.27 14:05:45.111,6.39975,6.4049,1.60,3.20
2009.05.27 14:05:45.451,6.39975,6.40455,1.60,3.20
2009.05.27 14:05:45.831,6.3997,6.4049,1.60,1.60
2009.05.27 14:05:46.171,6.39975,6.4049,1.60,1.60
2009.05.27 14:05:46.571,6.3997,6.4049,1.60,1.60
2009.05.27 14:05:46.910,6.39975,6.40455,1.60,3.20
2009.05.27 14:05:48.440,6.3993,6.4041,1.60,3.20
2009.05.27 14:05:49.130,6.3993,6.40335,1.60,1.60
2009.05.27 14:05:49.970,6.39885,6.4032,1.60,1.60
2009.05.27 14:05:50.200,6.39885,6.40285,1.60,1.60
2009.05.27 14:05:52.339,6.3983,6.40285,1.60,1.60
2009.05.27 14:05:52.579,6.3983,6.4028,1.60,1.60
2009.05.27 14:05:53.749,6.3987,6.4028,1.60,1.60
2009.05.27 14:05:54.219,6.39835,6.4028,1.60,1.60
2009.05.27 14:05:54.558,6.39835,6.4024,1.60,1.60
2009.05.27 14:05:55.418,6.39785,6.4024,1.60,1.60
2009.05.27 14:05:55.698,6.3983,6.4024,1.60,1.60
2009.05.27 14:05:56.118,6.3987,6.4028,1.60,1.60
2009.05.27 14:05:56.458,6.3983,6.4028,1.60,1.60
2009.05.27 14:05:56.788,6.39835,6.4028,1.60,1.60
2009.05.27 14:05:57.128,6.39835,6.4024,1.60,1.60
2009.05.27 14:05:58.438,6.3983,6.4024,1.60,1.60
2009.05.27 14:05:58.768,6.3983,6.4028,1.60,1.60
2009.05.27 14:06:00.667,6.39835,6.4024,1.60,1.60
2009.05.27 14:06:01.337,6.3983,6.4024,1.60,1.60
2009.05.27 14:06:01.687,6.3983,6.4028,1.60,1.60
2009.05.27 14:06:02.377,6.3987,6.4028,1.60,1.60
2009.05.27 14:06:02.977,6.3983,6.4028,1.60,1.60
2009.05.27 14:06:03.267,6.3987,6.4028,1.60,1.60
2009.05.27 14:06:03.746,6.3983,6.4028,1.60,1.60
2009.05.27 14:06:04.026,6.3987,6.4024,1.60,1.60
2009.05.27 14:06:04.316,6.3983,6.40275,1.60,1.60
2009.05.27 14:06:05.076,6.3987,6.40275,1.60,1.60
2009.05.27 14:06:05.256,6.3983,6.40275,1.60,1.60
2009.05.27 14:06:05.726,6.3988,6.40325,1.60,1.60
2009.05.27 14:06:07.015,6.398,6.40325,1.60,1.60
2009.05.27 14:06:07.066,6.39815,6.4025,1.60,1.00
2009.05.27 14:06:07.526,6.39815,6.403,1.60,1.00
2009.05.27 14:06:07.875,6.3979,6.403,1.60,1.00
2009.05.27 14:06:08.285,6.3979,6.4025,1.60,1.00
2009.05.27 14:06:09.495,6.3979,6.4021,1.60,1.00
2009.05.27 14:06:10.305,6.39715,6.4021,1.60,1.00
2009.05.27 14:06:10.585,6.3971,6.4021,1.60,1.00
2009.05.27 14:06:10.805,6.3971,6.40245,1.60,1.60
2009.05.27 14:06:11.474,6.3975,6.40225,1.60,1.60
2009.05.27 14:06:12.755,6.3979,6.40225,1.60,1.60
2009.05.27 14:06:13.904,6.39755,6.40235,1.60,1.60
2009.05.27 14:06:14.894,6.39755,6.40195,1.60,1.60
2009.05.27 14:06:16.813,6.39715,6.4015,1.60,1.60
2009.05.27 14:06:17.553,6.39725,6.4018,1.60,1.60
2009.05.27 14:06:18.133,6.3971,6.4018,1.60,1.60
2009.05.27 14:06:18.643,6.3973,6.40145,1.60,1.60
2009.05.27 14:06:19.332,6.3971,6.40145,1.60,1.60
2009.05.27 14:06:23.152,6.3967,6.40145,1.60,1.60
2009.05.27 14:06:23.211,6.3967,6.40105,1.60,1.60
2009.05.27 14:06:23.722,6.397,6.40105,1.60,1.60
2009.05.27 14:06:24.061,6.3968,6.40135,1.60,1.60
2009.05.27 14:06:24.761,6.3966,6.40135,1.60,1.60
2009.05.27 14:06:25.291,6.397,6.40135,1.60,1.60
2009.05.27 14:06:28.390,6.39745,6.4018,1.60,1.60
2009.05.27 14:06:30.720,6.39755,6.4018,1.60,1.60
2009.05.27 14:06:31.061,6.39755,6.40235,1.60,1.60
2009.05.27 14:06:31.580,6.39795,6.40235,1.60,1.60
2009.05.27 14:06:32.220,6.39755,6.40235,1.60,1.60
2009.05.27 14:06:32.560,6.39795,6.40235,1.60,1.60
2009.05.27 14:06:38.468,6.3984,6.4028,1.60,1.60
2009.05.27 14:06:40.727,6.3984,6.4024,1.60,1.60
2009.05.27 14:06:40.948,6.3984,6.40275,1.60,1.60
2009.05.27 14:06:41.417,6.39885,6.40275,1.60,1.60
2009.05.27 14:06:41.767,6.39885,6.4032,1.60,1.60
2009.05.27 14:06:43.227,6.399,6.4032,1.60,1.60
2009.05.27 14:06:43.637,6.399,6.40335,1.60,1.60
2009.05.27 14:06:44.037,6.39975,6.4041,1.60,1.60
2009.05.27 14:06:44.327,6.40005,6.40465,1.60,1.60
2009.05.27 14:06:44.616,6.4003,6.4051,1.60,1.60
2009.05.27 14:06:44.956,6.4005,6.4051,1.60,1.60
2009.05.27 14:06:45.636,6.4012,6.4051,1.60,1.60
2009.05.27 14:06:45.986,6.40145,6.406,1.60,1.60
2009.05.27 14:06:46.276,6.40205,6.40605,1.60,3.20
2009.05.27 14:06:46.676,6.40185,6.40645,1.60,3.20
2009.05.27 14:06:47.086,6.4021,6.40695,1.60,3.20
2009.05.27 14:06:47.366,6.4021,6.4074,1.60,3.20
2009.05.27 14:06:47.666,6.4023,6.4074,1.60,3.20
2009.05.27 14:06:47.966,6.40255,6.407,1.60,3.20
2009.05.27 14:06:48.255,6.4023,6.407,1.60,3.20
2009.05.27 14:06:48.586,6.40255,6.40705,1.60,3.20
2009.05.27 14:06:48.935,6.4022,6.40705,1.60,3.20
2009.05.27 14:06:49.235,6.40165,6.4066,1.60,3.20
2009.05.27 14:06:49.575,6.4019,6.4065,1.60,3.20
2009.05.27 14:06:49.935,6.4023,6.4069,1.60,3.20
2009.05.27 14:06:50.275,6.4023,6.407,1.60,3.20
2009.05.27 14:06:50.565,6.40165,6.40695,1.60,1.60
2009.05.27 14:06:51.025,6.4019,6.40605,1.60,1.60
2009.05.27 14:06:51.535,6.4017,6.4061,1.60,3.20
2009.05.27 14:06:52.685,6.4017,6.4065,1.60,3.20
2009.05.27 14:06:53.025,6.4019,6.40645,1.60,3.20
2009.05.27 14:06:53.434,6.40205,6.40645,1.60,3.20
2009.05.27 14:06:53.714,6.40175,6.40645,1.60,3.20
2009.05.27 14:06:53.984,6.40175,6.40615,1.60,3.20
2009.05.27 14:06:57.623,6.40165,6.40765,1.60,2.80
2009.05.27 14:06:58.033,6.4031,6.40735,1.60,3.20
2009.05.27 14:06:58.333,6.4031,6.40765,1.60,3.20
2009.05.27 14:06:58.923,6.4037,6.40745,1.60,3.20
2009.05.27 14:06:59.303,6.4039,6.408,1.60,3.20
2009.05.27 14:06:59.603,6.4032,6.40845,1.80,3.20
2009.05.27 14:07:00.013,6.4023,6.40835,1.60,1.00
2009.05.27 14:07:00.363,6.40205,6.40795,1.60,1.00
2009.05.27 14:07:00.713,6.40225,6.40815,1.60,3.20
2009.05.27 14:07:01.013,6.40215,6.40795,1.60,1.00
2009.05.27 14:07:01.362,6.40235,6.40795,1.60,1.00
2009.05.27 14:07:02.182,6.4022,6.4079,1.60,1.00
2009.05.27 14:07:03.252,6.40165,6.4079,1.60,1.00
2009.05.27 14:07:04.172,6.4017,6.40745,1.60,1.00
2009.05.27 14:07:04.622,6.4015,6.40745,1.60,2.20
2009.05.27 14:07:05.131,6.40125,6.40705,1.60,1.00
2009.05.27 14:07:06.791,6.40075,6.40695,1.60,1.00
2009.05.27 14:07:07.021,6.401,6.40655,1.60,1.00
2009.05.27 14:07:07.541,6.4008,6.40655,1.60,1.00
2009.05.27 14:07:07.932,6.40055,6.4065,1.60,1.00
2009.05.27 14:07:08.441,6.4005,6.40635,1.60,1.20
2009.05.27 14:07:08.891,6.4005,6.40615,1.60,4.00
2009.05.27 14:07:09.061,6.40035,6.40615,1.60,4.00
2009.05.27 14:07:09.820,6.40035,6.40595,1.60,1.00
2009.05.27 14:07:10.860,6.4003,6.40625,1.60,1.00
2009.05.27 14:07:12.090,6.4001,6.40555,1.60,1.60
2009.05.27 14:07:12.390,6.39985,6.40555,1.60,1.60
2009.05.27 14:07:14.739,6.39985,6.40535,1.60,1.60
2009.05.27 14:07:15.329,6.3995,6.40605,1.60,3.20
2009.05.27 14:07:15.599,6.39965,6.40605,1.80,3.20
2009.05.27 14:07:16.069,6.39965,6.4052,1.80,3.20
2009.05.27 14:07:16.399,6.39895,6.4052,1.80,3.20
2009.05.27 14:07:16.709,6.39895,6.4051,1.80,3.20
2009.05.27 14:07:17.039,6.3984,6.4047,1.80,3.20
2009.05.27 14:07:17.379,6.3984,6.40425,1.80,3.20
2009.05.27 14:07:17.729,6.39805,6.40415,1.80,3.20
2009.05.27 14:07:17.959,6.39805,6.40465,1.80,3.20
2009.05.27 14:07:18.359,6.39815,6.40465,1.80,3.20
2009.05.27 14:07:19.228,6.39825,6.4046,1.80,1.60
2009.05.27 14:07:19.688,6.39855,6.4046,1.80,1.60
2009.05.27 14:07:20.028,6.3985,6.4046,1.80,1.60
2009.05.27 14:07:21.118,6.39855,6.40465,1.80,3.20
2009.05.27 14:07:21.758,6.3996,6.4051,1.60,3.20
2009.05.27 14:07:22.088,6.3996,6.4053,1.60,3.20
2009.05.27 14:07:22.327,6.39915,6.4053,1.60,3.20
2009.05.27 14:07:22.617,6.3994,6.4053,1.60,3.20
2009.05.27 14:07:23.068,6.3998,6.4053,1.60,3.20
2009.05.27 14:07:25.547,6.3996,6.40525,1.80,1.60
2009.05.27 14:07:26.127,6.39985,6.4053,1.60,3.20
2009.05.27 14:07:26.417,6.39985,6.40585,1.60,3.20
2009.05.27 14:07:30.066,6.3994,6.404,1.80,1.60
2009.05.27 14:07:30.535,6.39915,6.404,1.60,1.60
2009.05.27 14:07:31.326,6.39915,6.40355,1.60,1.60
2009.05.27 14:07:34.035,6.3987,6.40355,1.60,1.60
2009.05.27 14:07:34.324,6.3985,6.4035,1.60,1.60
2009.05.27 14:07:35.014,6.39865,6.4035,1.60,1.60
2009.05.27 14:07:35.244,6.39885,6.4031,1.60,1.60
2009.05.27 14:07:35.865,6.39825,6.4031,1.60,1.60
2009.05.27 14:07:36.094,6.39825,6.40265,1.60,1.60
2009.05.27 14:07:38.144,6.3986,6.40265,1.60,1.60
2009.05.27 14:07:38.504,6.39835,6.403,1.60,1.60
2009.05.27 14:07:39.193,6.3984,6.403,1.60,1.60
2009.05.27 14:07:39.643,6.3986,6.403,1.60,1.60
2009.05.27 14:07:40.503,6.39865,6.403,1.60,1.60
2009.05.27 14:07:40.833,6.39865,6.4035,1.60,1.60
2009.05.27 14:07:41.123,6.39875,6.4031,1.80,1.60
2009.05.27 14:07:41.463,6.39875,6.4062,1.80,1.20
2009.05.27 14:07:41.743,6.3993,6.4068,1.80,1.20
2009.05.27 14:07:42.542,6.3995,6.4066,1.80,1.20
2009.05.27 14:07:44.072,6.39985,6.40695,1.80,1.20
2009.05.27 14:07:45.352,6.4001,6.40715,1.80,1.20
2009.05.27 14:07:45.692,6.4003,6.4073,1.80,1.20
2009.05.27 14:07:46.212,6.40035,6.4074,1.80,1.20
2009.05.27 14:07:46.982,6.4006,6.40765,1.80,1.20
2009.05.27 14:07:47.491,6.40075,6.40785,1.80,1.20
2009.05.27 14:07:49.321,6.4004,6.4075,1.80,1.20
2009.05.27 14:07:50.121,6.40055,6.4076,1.80,1.20
2009.05.27 14:07:50.701,6.4,6.40705,1.80,1.20
2009.05.27 14:07:51.160,6.39995,6.40695,1.80,1.20
2009.05.27 14:07:53.170,6.3998,6.40685,1.80,1.20
2009.05.27 14:07:53.640,6.39985,6.4069,1.80,1.20
2009.05.27 14:07:54.750,6.3999,6.40695,1.80,1.20
2009.05.27 14:07:55.449,6.3998,6.4069,1.80,1.20
2009.05.27 14:07:57.579,6.4,6.40705,1.80,1.20
2009.05.27 14:07:57.919,6.40025,6.4073,1.80,1.20
2009.05.27 14:07:58.659,6.4,6.40705,1.80,1.20
2009.05.27 14:07:59.169,6.40025,6.40735,1.80,1.20
2009.05.27 14:08:02.618,6.401,6.4081,1.80,1.20
2009.05.27 14:08:03.138,6.4012,6.4083,1.80,1.20
2009.05.27 14:08:03.607,6.40685,6.40825,1.60,1.20
2009.05.27 14:08:04.008,6.40685,6.4097,1.60,3.20
2009.05.27 14:08:04.417,6.40685,6.4114,1.60,3.20
2009.05.27 14:08:05.007,6.40805,6.4114,1.60,3.20
2009.05.27 14:08:05.297,6.40805,6.41165,1.60,3.20
2009.05.27 14:08:07.447,6.4083,6.41165,1.60,3.20
2009.05.27 14:08:07.616,6.4081,6.4116,1.60,1.60
2009.05.27 14:08:08.436,6.4079,6.4114,1.80,1.60
2009.05.27 14:08:08.727,6.4062,6.4114,1.80,1.60
2009.05.27 14:08:09.116,6.4062,6.4129,1.80,1.00
2009.05.27 14:08:09.356,6.40545,6.4129,1.80,2.20
2009.05.27 14:08:09.656,6.40545,6.4127,1.80,1.00
2009.05.27 14:08:10.046,6.405,6.412,1.80,1.00
2009.05.27 14:08:10.396,6.405,6.4118,1.80,1.00
2009.05.27 14:08:10.656,6.4042,6.4112,1.80,1.20
2009.05.27 14:08:11.256,6.40495,6.412,1.80,1.20
2009.05.27 14:08:11.596,6.40495,6.412,1.80,2.00
2009.05.27 14:08:11.996,6.40475,6.41175,1.80,1.20
2009.05.27 14:08:12.745,6.40445,6.41145,1.80,1.20
2009.05.27 14:08:13.345,6.40405,6.4111,1.80,1.20
2009.05.27 14:08:13.935,6.40365,6.41065,1.80,1.20
2009.05.27 14:08:15.075,6.40335,6.4104,1.80,1.20
2009.05.27 14:08:15.885,6.4031,6.41015,1.80,1.20
2009.05.27 14:08:16.514,6.40305,6.4101,1.80,1.20
2009.05.27 14:08:16.804,6.4031,6.41015,1.80,1.20
2009.05.27 14:08:17.195,6.40315,6.41015,1.80,1.20
2009.05.27 14:08:17.424,6.40315,6.4102,1.80,1.20
2009.05.27 14:08:18.224,6.40325,6.4103,1.80,1.20
2009.05.27 14:08:18.914,6.40345,6.4105,1.80,1.20
2009.05.27 14:08:19.094,6.40345,6.4094,1.80,1.00
2009.05.27 14:08:19.434,6.40265,6.4093,1.80,1.00
2009.05.27 14:08:19.614,6.4026,6.4094,1.80,1.00
2009.05.27 14:08:20.213,6.40255,6.4091,1.60,1.00
2009.05.27 14:08:20.624,6.4023,6.4076,1.60,1.00
2009.05.27 14:08:21.033,6.4023,6.4075,1.60,1.00
2009.05.27 14:08:21.493,6.4022,6.4075,1.60,1.00
2009.05.27 14:08:21.733,6.4022,6.4077,1.60,1.00
2009.05.27 14:08:22.763,6.4026,6.4077,1.60,1.00
2009.05.27 14:08:22.943,6.40175,6.4075,1.80,1.00
2009.05.27 14:08:23.293,6.40175,6.4076,1.80,1.00
2009.05.27 14:08:23.473,6.40055,6.4076,1.80,1.00
2009.05.27 14:08:24.043,6.40045,6.4076,1.80,1.00
2009.05.27 14:08:24.722,6.40055,6.4076,1.80,2.00
2009.05.27 14:08:25.342,6.40045,6.4075,1.80,1.20
2009.05.27 14:08:25.623,6.40065,6.4077,1.80,1.20
2009.05.27 14:08:26.162,6.4008,6.40785,1.80,1.20
2009.05.27 14:08:28.412,6.4007,6.4077,1.80,1.20
2009.05.27 14:08:28.872,6.4006,6.40765,1.80,1.20
2009.05.27 14:08:29.221,6.40035,6.407,1.80,1.00
2009.05.27 14:08:30.501,6.40005,6.407,1.80,1.00
2009.05.27 14:08:30.911,6.4001,6.4069,1.80,1.00
2009.05.27 14:08:31.821,6.4011,6.4073,1.60,1.20
2009.05.27 14:08:32.051,6.4014,6.40675,1.80,1.60
2009.05.27 14:08:32.911,6.4018,6.40675,1.80,1.60
2009.05.27 14:08:34.380,6.4016,6.40675,1.80,1.60
2009.05.27 14:08:34.910,6.40155,6.40675,1.80,1.60
2009.05.27 14:08:35.370,6.40155,6.40635,1.80,1.60
2009.05.27 14:08:35.600,6.40145,6.40635,1.80,1.60
2009.05.27 14:08:35.950,6.40175,6.40635,1.60,1.60
2009.05.27 14:08:36.340,6.4018,6.4066,1.80,1.60
2009.05.27 14:08:36.800,6.40145,6.40685,3.40,1.60
2009.05.27 14:08:38.339,6.40185,6.40685,1.60,1.60
2009.05.27 14:08:40.009,6.4019,6.40685,1.60,1.60
2009.05.27 14:08:40.372,6.4019,6.40735,1.60,1.60
2009.05.27 14:08:40.709,6.4023,6.40735,1.60,1.60
2009.05.27 14:08:42.498,6.4029,6.4089,1.80,1.60
2009.05.27 14:08:43.358,6.40325,6.4089,1.80,1.60
2009.05.27 14:08:43.478,6.40325,6.40915,1.80,1.60
2009.05.27 14:08:44.058,6.40355,6.4106,1.80,1.60
2009.05.27 14:08:44.348,6.4039,6.4106,1.80,1.60
2009.05.27 14:08:45.498,6.40425,6.41095,1.80,1.60
2009.05.27 14:08:46.347,6.40415,6.41095,1.80,1.60
2009.05.27 14:08:46.657,6.40415,6.411,1.80,1.60
2009.05.27 14:08:47.067,6.4043,6.411,1.80,1.60
2009.05.27 14:08:47.537,6.405,6.4114,1.80,1.60
2009.05.27 14:08:48.027,6.4046,6.41145,1.80,1.60
2009.05.27 14:08:49.167,6.40475,6.41145,1.80,1.60
2009.05.27 14:08:49.576,6.4054,6.41195,1.80,1.60
2009.05.27 14:08:49.986,6.4056,6.41225,1.80,1.60
2009.05.27 14:08:50.396,6.40565,6.41225,1.80,1.60
2009.05.27 14:08:51.656,6.40585,6.41225,1.80,1.60
2009.05.27 14:08:52.006,6.40585,6.4127,1.80,1.60
2009.05.27 14:08:52.526,6.406,6.4127,1.80,1.60
2009.05.27 14:08:53.765,6.40605,6.4127,1.80,1.60
2009.05.27 14:08:54.065,6.40585,6.4127,1.80,1.60
2009.05.27 14:08:54.545,6.40585,6.41275,1.80,1.60
2009.05.27 14:08:55.335,6.4058,6.41235,1.80,1.60
2009.05.27 14:08:56.675,6.40595,6.41235,1.80,1.60
2009.05.27 14:08:57.155,6.40595,6.41275,1.80,1.60
2009.05.27 14:08:58.084,6.40595,6.413,1.80,1.20
2009.05.27 14:08:59.064,6.40685,6.4133,1.80,1.00
2009.05.27 14:08:59.394,6.4066,6.4136,1.80,1.20
2009.05.27 14:08:59.744,6.4065,6.4133,1.80,1.00
2009.05.27 14:09:00.404,6.40645,6.4135,1.80,1.20
2009.05.27 14:09:00.974,6.40645,6.4133,1.80,1.00
2009.05.27 14:09:01.803,6.40655,6.4133,1.80,1.00
2009.05.27 14:09:02.153,6.40655,6.4136,1.80,1.20
2009.05.27 14:09:04.673,6.40645,6.4135,1.80,1.20
2009.05.27 14:09:04.963,6.40635,6.4133,1.80,1.00
2009.05.27 14:09:06.072,6.4064,6.4133,1.80,1.00
2009.05.27 14:09:07.162,6.4055,6.4096,1.60,1.00
2009.05.27 14:09:10.042,6.4043,6.4087,1.60,1.00
2009.05.27 14:09:10.331,6.4043,6.4083,1.60,1.00
2009.05.27 14:09:11.481,6.40415,6.4083,1.60,1.00
2009.05.27 14:09:11.831,6.40415,6.4079,1.60,1.00
2009.05.27 14:09:13.651,6.4037,6.4074,1.60,1.00
2009.05.27 14:09:14.061,6.40385,6.4079,1.60,1.00
2009.05.27 14:09:14.290,6.40385,6.4078,1.60,1.00
2009.05.27 14:09:15.150,6.4036,6.4074,1.60,1.00
2009.05.27 14:09:15.790,6.4038,6.4075,1.60,1.00
2009.05.27 14:09:16.730,6.40345,6.407,1.60,1.00
2009.05.27 14:09:17.010,6.40285,6.407,1.60,1.00
2009.05.27 14:09:17.410,6.40295,6.4066,1.60,1.00
2009.05.27 14:09:17.590,6.40295,6.407,1.60,1.00
2009.05.27 14:09:20.049,6.40235,6.4066,1.60,1.00
2009.05.27 14:09:20.559,6.40215,6.4066,1.60,1.00
2009.05.27 14:09:20.849,6.40215,6.4061,1.60,1.00
2009.05.27 14:09:21.139,6.4019,6.4061,1.60,1.00
2009.05.27 14:09:22.179,6.40205,6.4061,1.60,1.00
2009.05.27 14:09:23.478,6.40205,6.4064,1.60,1.60
2009.05.27 14:09:23.878,6.40205,6.4066,1.60,1.00
2009.05.27 14:09:24.218,6.4025,6.4066,1.60,1.00
2009.05.27 14:09:27.797,6.40235,6.4066,1.60,1.00
2009.05.27 14:09:28.597,6.4025,6.4066,1.60,1.00
2009.05.27 14:09:29.397,6.40245,6.4066,1.60,1.60
2009.05.27 14:09:29.637,6.40225,6.4066,1.60,1.60
2009.05.27 14:09:30.327,6.40225,6.4062,1.60,1.00
2009.05.27 14:09:30.797,6.40205,6.4062,1.60,1.00
2009.05.27 14:09:31.017,6.40225,6.4066,1.60,1.60
2009.05.27 14:09:31.767,6.40225,6.4062,1.60,1.00
2009.05.27 14:09:32.096,6.40205,6.4062,1.60,1.00
2009.05.27 14:09:32.496,6.4024,6.4062,1.60,1.00
2009.05.27 14:09:32.776,6.4024,6.40645,1.60,1.60
2009.05.27 14:09:33.186,6.4024,6.4066,1.60,1.00
2009.05.27 14:09:33.416,6.4024,6.4068,1.60,1.60
2009.05.27 14:09:33.646,6.40285,6.4068,1.60,1.60
2009.05.27 14:09:33.936,6.40285,6.40725,1.60,1.60
2009.05.27 14:09:36.045,6.4028,6.4069,1.60,1.00
2009.05.27 14:09:36.585,6.4031,6.4074,1.60,1.00
2009.05.27 14:09:37.155,6.4025,6.4067,1.60,1.00
2009.05.27 14:09:37.275,6.4025,6.4065,1.60,1.00
2009.05.27 14:09:38.255,6.4022,6.4064,1.60,1.00
2009.05.27 14:09:38.544,6.4019,6.4063,1.60,1.00
2009.05.27 14:09:38.875,6.4019,6.4058,1.60,1.00
2009.05.27 14:09:39.105,6.4019,6.4059,1.60,1.00
2009.05.27 14:09:40.144,6.4021,6.4059,1.60,1.00
2009.05.27 14:09:40.924,6.4021,6.40625,1.60,1.60
2009.05.27 14:09:41.214,6.4019,6.4059,1.60,1.00
2009.05.27 14:09:43.713,6.40225,6.4062,1.60,1.00
2009.05.27 14:09:44.003,6.40225,6.40625,1.60,1.60
2009.05.27 14:09:49.872,6.4027,6.4068,1.60,1.00
2009.05.27 14:09:52.021,6.40345,6.4089,1.60,2.00
2009.05.27 14:09:52.411,6.4033,6.4075,1.60,1.00
2009.05.27 14:09:52.581,6.4033,6.40785,1.60,1.60
2009.05.27 14:09:52.701,6.4033,6.4078,1.60,1.00
2009.05.27 14:09:53.051,6.40345,6.4079,1.60,1.00
2009.05.27 14:09:53.751,6.40365,6.4077,1.60,1.00
2009.05.27 14:09:54.041,6.40365,6.4073,1.60,1.00
2009.05.27 14:09:54.371,6.4033,6.4073,1.60,1.00
2009.05.27 14:09:54.781,6.403,6.4072,1.60,1.00
2009.05.27 14:09:55.701,6.4032,6.4073,1.60,1.00
2009.05.27 14:09:56.230,6.403,6.4073,1.60,1.00
2009.05.27 14:09:56.680,6.403,6.4072,1.60,1.00
2009.05.27 14:09:56.970,6.4028,6.4068,1.60,1.00
2009.05.27 14:09:57.190,6.40315,6.4068,1.60,1.00
2009.05.27 14:09:57.740,6.40315,6.4072,1.60,2.40
2009.05.27 14:09:57.960,6.40335,6.4072,1.60,2.40
2009.05.27 14:09:58.320,6.40335,6.4072,1.60,1.00
2009.05.27 14:09:58.500,6.40275,6.4063,1.60,1.00
2009.05.27 14:09:59.970,6.4024,6.4063,1.60,1.00
2009.05.27 14:10:00.260,6.40225,6.4059,1.60,1.00
2009.05.27 14:10:00.539,6.40225,6.4055,1.60,1.00
2009.05.27 14:10:00.959,6.4024,6.406,1.60,1.00
2009.05.27 14:10:01.429,6.40225,6.4055,1.60,1.00
2009.05.27 14:10:02.009,6.4024,6.4055,1.60,1.00
2009.05.27 14:10:02.189,6.4024,6.40615,1.60,1.00
2009.05.27 14:10:02.469,6.4024,6.40645,1.60,1.60
2009.05.27 14:10:03.408,6.4026,6.40645,1.60,1.60
2009.05.27 14:10:03.709,6.4026,6.4066,1.60,1.00
2009.05.27 14:10:08.188,6.40255,6.4059,1.60,1.00
2009.05.27 14:10:08.478,6.4024,6.4063,1.60,1.00
2009.05.27 14:10:09.607,6.4026,6.4063,1.60,1.00
2009.05.27 14:10:13.596,6.4024,6.4063,1.60,1.00
2009.05.27 14:10:13.646,6.4024,6.4062,1.60,1.00
2009.05.27 14:10:15.766,6.4024,6.4061,1.60,1.00
2009.05.27 14:10:16.056,6.4022,6.4062,1.60,1.00
2009.05.27 14:10:16.446,6.4022,6.4061,1.60,1.00
2009.05.27 14:10:16.855,6.4024,6.4061,1.60,1.00
2009.05.27 14:10:17.135,6.4024,6.4062,1.60,1.00
2009.05.27 14:10:19.365,6.4024,6.4064,1.60,1.60
2009.05.27 14:10:21.264,6.40265,6.40685,1.60,1.60
2009.05.27 14:10:21.604,6.40265,6.4067,1.60,1.60
2009.05.27 14:10:23.536,6.40285,6.4067,1.60,1.60
2009.05.27 14:10:23.714,6.40285,6.4069,1.60,1.60
2009.05.27 14:10:23.994,6.40325,6.4069,1.60,1.60
2009.05.27 14:10:24.214,6.40355,6.4076,1.60,1.60
2009.05.27 14:10:24.923,6.4034,6.40745,1.60,1.60
2009.05.27 14:10:25.214,6.40355,6.40745,1.60,1.60
2009.05.27 14:10:25.543,6.40355,6.4076,1.60,1.60
2009.05.27 14:10:26.073,6.4034,6.40745,1.60,1.60
2009.05.27 14:10:29.792,6.40375,6.40745,1.60,1.60
2009.05.27 14:10:30.192,6.40375,6.4078,1.60,1.60
2009.05.27 14:10:30.842,6.40405,6.40805,1.60,1.60
2009.05.27 14:10:31.932,6.4042,6.40805,1.60,1.60
2009.05.27 14:10:32.342,6.4042,6.40825,1.60,1.60
2009.05.27 14:10:34.121,6.40285,6.40825,1.80,1.60
2009.05.27 14:10:34.301,6.4023,6.4082,1.60,1.00
2009.05.27 14:10:34.521,6.40265,6.4082,1.60,1.00
2009.05.27 14:10:35.041,6.40265,6.4084,1.60,1.60
2009.05.27 14:10:35.331,6.40265,6.4082,1.60,1.00
2009.05.27 14:10:35.661,6.40295,6.4084,1.60,1.60
2009.05.27 14:10:36.011,6.40295,6.4087,1.60,1.00
2009.05.27 14:10:37.401,6.40255,6.4087,1.60,1.00
2009.05.27 14:10:37.970,6.40255,6.4082,1.60,1.00
2009.05.27 14:10:38.260,6.40225,6.4082,1.60,1.00
2009.05.27 14:10:38.500,6.40225,6.40845,1.60,1.20
2009.05.27 14:10:38.780,6.4009,6.4071,1.60,1.00
2009.05.27 14:10:39.060,6.4009,6.4062,1.60,1.00
2009.05.27 14:10:39.410,6.4009,6.4066,1.60,1.00
2009.05.27 14:10:40.120,6.40155,6.4064,1.60,1.00
2009.05.27 14:10:40.400,6.40135,6.4064,1.60,1.00
2009.05.27 14:10:40.910,6.40115,6.4064,1.60,1.00
2009.05.27 14:10:41.140,6.4012,6.407,1.80,1.80
2009.05.27 14:10:41.500,6.4012,6.40825,1.80,1.60
2009.05.27 14:10:43.169,6.4013,6.40805,1.80,1.60
2009.05.27 14:10:43.349,6.4013,6.4066,1.80,1.00
2009.05.27 14:10:43.579,6.401,6.4066,1.60,1.00
2009.05.27 14:10:45.189,6.4014,6.4064,1.60,1.00
2009.05.27 14:10:45.359,6.4014,6.4065,1.60,1.00
2009.05.27 14:10:45.759,6.40105,6.4063,1.60,1.00
2009.05.27 14:10:46.288,6.40085,6.4063,1.60,1.00
2009.05.27 14:10:46.458,6.40085,6.406,1.60,1.00
2009.05.27 14:10:46.928,6.40055,6.406,1.60,1.00
2009.05.27 14:10:48.118,6.4005,6.4063,1.60,2.40
2009.05.27 14:10:48.398,6.4005,6.4063,1.60,1.00
2009.05.27 14:10:48.628,6.40055,6.4063,1.60,1.00
2009.05.27 14:10:48.848,6.40055,6.4061,1.60,1.00
2009.05.27 14:10:49.198,6.40055,6.406,1.60,1.00
2009.05.27 14:10:50.747,6.4009,6.406,1.60,1.00
2009.05.27 14:10:51.027,6.4009,6.4059,1.60,1.60
2009.05.27 14:10:54.016,6.4012,6.4058,1.60,1.60
2009.05.27 14:10:54.357,6.4012,6.4054,1.60,1.60
2009.05.27 14:10:54.636,6.401,6.4054,1.60,1.60
2009.05.27 14:10:54.926,6.40145,6.4058,1.60,1.60
2009.05.27 14:10:55.326,6.40165,6.40625,1.60,1.60
2009.05.27 14:10:56.006,6.40185,6.40625,1.60,1.60
2009.05.27 14:10:58.105,6.4019,6.4067,1.60,1.60
2009.05.27 14:10:58.335,6.40195,6.4063,1.60,1.60
2009.05.27 14:11:00.185,6.4019,6.4063,1.60,1.60
2009.05.27 14:11:00.425,6.4019,6.4067,1.60,1.60
2009.05.27 14:11:01.175,6.4019,6.4063,1.60,1.60
2009.05.27 14:11:01.814,6.40195,6.4063,1.60,1.60
2009.05.27 14:11:02.905,6.401,6.4063,1.60,1.60
2009.05.27 14:11:03.255,6.401,6.4058,1.60,1.60
2009.05.27 14:11:03.494,6.40105,6.4058,1.60,1.60
2009.05.27 14:11:03.724,6.40105,6.4054,1.60,1.60
2009.05.27 14:11:04.024,6.4008,6.4054,1.60,1.60
2009.05.27 14:11:04.304,6.40055,6.4054,1.60,1.60
2009.05.27 14:11:04.594,6.40035,6.40495,1.60,1.60
2009.05.27 14:11:04.884,6.4001,6.40495,1.60,1.60
2009.05.27 14:11:05.214,6.3999,6.40445,1.60,1.60
2009.05.27 14:11:05.894,6.39985,6.4044,1.60,1.60
2009.05.27 14:11:06.244,6.3996,6.4044,1.60,1.60
2009.05.27 14:11:06.593,6.39985,6.4044,1.60,1.60
2009.05.27 14:11:07.283,6.4,6.4044,1.60,1.60
2009.05.27 14:11:10.353,6.40005,6.4044,1.60,1.60
2009.05.27 14:11:10.583,6.40005,6.40485,1.60,1.60
2009.05.27 14:11:11.282,6.39965,6.40485,1.60,1.60
2009.05.27 14:11:11.692,6.3999,6.40485,1.60,1.60
2009.05.27 14:11:12.223,6.39965,6.40445,1.60,1.60
2009.05.27 14:11:12.402,6.39985,6.40445,1.60,1.60
2009.05.27 14:11:12.822,6.39985,6.40435,1.60,1.60
2009.05.27 14:11:12.992,6.4,6.40435,1.60,1.60
2009.05.27 14:11:15.731,6.3996,6.40435,1.60,1.60
2009.05.27 14:11:16.591,6.39965,6.40435,1.60,1.60
2009.05.27 14:11:17.071,6.39965,6.404,1.60,1.60
2009.05.27 14:11:17.421,6.4,6.404,1.60,1.60
2009.05.27 14:11:17.761,6.4,6.40435,1.60,1.60
2009.05.27 14:11:18.031,6.4,6.40355,1.60,1.40
2009.05.27 14:11:18.271,6.3996,6.40355,1.60,1.40
2009.05.27 14:11:19.030,6.39965,6.40355,1.60,1.40
2009.05.27 14:11:21.800,6.3995,6.40335,1.60,1.40
2009.05.27 14:11:22.160,6.3993,6.40335,1.60,1.40
2009.05.27 14:11:22.730,6.39915,6.40335,1.60,1.40
2009.05.27 14:11:23.240,6.39935,6.40335,1.60,1.40
2009.05.27 14:11:23.819,6.39915,6.40335,1.60,1.40
2009.05.27 14:11:24.501,6.3996,6.40335,1.60,1.40
2009.05.27 14:11:24.889,6.39985,6.40335,1.60,1.40
2009.05.27 14:11:25.189,6.3996,6.40335,1.60,1.40
2009.05.27 14:11:27.498,6.39965,6.40335,1.60,1.40
2009.05.27 14:11:28.128,6.39965,6.404,1.60,1.60
2009.05.27 14:11:29.338,6.4,6.404,1.60,1.60
2009.05.27 14:11:29.638,6.3998,6.40435,1.60,1.60
2009.05.27 14:11:30.167,6.3997,6.40485,1.60,1.60
2009.05.27 14:11:30.458,6.4,6.40485,1.60,1.60
2009.05.27 14:11:30.928,6.3998,6.40435,1.60,1.60
2009.05.27 14:11:31.268,6.3996,6.40435,1.60,1.60
2009.05.27 14:11:31.627,6.39985,6.40435,1.60,1.60
2009.05.27 14:11:32.127,6.3996,6.40435,1.60,1.60
2009.05.27 14:11:32.757,6.39985,6.404,1.60,1.60
2009.05.27 14:11:32.927,6.39965,6.404,1.60,1.60
2009.05.27 14:11:34.227,6.3995,6.40385,1.60,1.60
2009.05.27 14:11:34.517,6.3992,6.40385,1.60,1.60
2009.05.27 14:11:34.757,6.3992,6.40355,1.60,1.60
2009.05.27 14:11:37.206,6.39875,6.4027,1.60,1.00
2009.05.27 14:11:37.706,6.39875,6.4026,1.60,1.00
2009.05.27 14:11:37.926,6.39845,6.4026,1.60,1.00
2009.05.27 14:11:38.556,6.39865,6.4026,1.60,1.00
2009.05.27 14:11:38.736,6.39865,6.4027,1.60,1.00
2009.05.27 14:11:39.956,6.39845,6.4027,1.60,1.00
2009.05.27 14:11:40.125,6.39845,6.4026,1.60,1.00
2009.05.27 14:11:40.355,6.39865,6.4027,1.60,1.00
2009.05.27 14:11:40.705,6.3983,6.4027,1.60,1.00
2009.05.27 14:11:41.035,6.3983,6.4022,1.60,1.00
2009.05.27 14:11:44.184,6.398,6.4021,1.60,1.00
2009.05.27 14:11:45.824,6.398,6.4017,1.60,1.00
2009.05.27 14:11:46.124,6.3982,6.4017,1.60,1.00
2009.05.27 14:11:46.524,6.3982,6.4018,1.60,1.00
2009.05.27 14:11:46.884,6.398,6.4017,1.60,1.00
2009.05.27 14:11:48.033,6.39755,6.4017,1.60,1.00
2009.05.27 14:11:48.253,6.39755,6.4013,1.60,1.00
2009.05.27 14:11:48.433,6.3977,6.4013,1.60,1.00
2009.05.27 14:11:48.823,6.3977,6.4017,1.60,1.00
2009.05.27 14:11:48.993,6.39755,6.4017,1.60,1.00
2009.05.27 14:11:49.333,6.39755,6.4013,1.60,1.00
2009.05.27 14:11:49.943,6.39735,6.4013,1.60,1.00
2009.05.27 14:11:50.233,6.39755,6.4013,1.60,1.00
2009.05.27 14:11:50.573,6.39755,6.4008,1.60,1.00
2009.05.27 14:11:50.853,6.3977,6.4013,1.60,1.00
2009.05.27 14:11:52.103,6.398,6.4017,1.60,1.00
2009.05.27 14:11:52.452,6.3982,6.4017,1.60,1.00
2009.05.27 14:11:52.622,6.3982,6.4018,1.60,1.00
2009.05.27 14:11:53.452,6.398,6.4021,1.60,1.00
2009.05.27 14:11:53.802,6.398,6.4022,1.60,1.00
2009.05.27 14:11:54.222,6.3982,6.4022,1.60,1.00
2009.05.27 14:11:54.802,6.398,6.4021,1.60,1.00
2009.05.27 14:11:55.891,6.3982,6.4022,1.60,1.00
2009.05.27 14:11:58.211,6.39785,6.4017,1.60,1.00
2009.05.27 14:11:59.991,6.398,6.4017,1.60,1.00
2009.05.27 14:12:00.170,6.398,6.4021,1.60,1.00
2009.05.27 14:12:00.620,6.3982,6.4021,1.60,1.00
2009.05.27 14:12:00.840,6.3982,6.4022,1.60,1.00
2009.05.27 14:12:01.530,6.39875,6.4022,1.60,1.00
2009.05.27 14:12:01.870,6.39875,6.4026,1.60,1.00
2009.05.27 14:12:03.030,6.39875,6.4022,1.60,1.00
2009.05.27 14:12:03.370,6.3986,6.4022,1.60,1.00
2009.05.27 14:12:03.950,6.39875,6.4026,1.60,1.00
2009.05.27 14:12:04.230,6.3986,6.4022,1.60,1.00
2009.05.27 14:12:06.229,6.39825,6.4022,1.60,1.00
2009.05.27 14:12:06.569,6.39825,6.4026,1.60,1.00
2009.05.27 14:12:06.909,6.39845,6.4026,1.60,1.00
2009.05.27 14:12:07.309,6.39845,6.4022,1.60,1.00
2009.05.27 14:12:07.599,6.39785,6.4018,1.60,1.00
2009.05.27 14:12:07.879,6.39785,6.4017,1.60,1.00
2009.05.27 14:12:08.239,6.39755,6.4017,1.60,1.00
2009.05.27 14:12:08.478,6.39795,6.4022,1.60,1.00
2009.05.27 14:12:09.328,6.3978,6.40215,1.60,1.60
2009.05.27 14:12:10.298,6.39795,6.4018,1.60,1.00
2009.05.27 14:12:10.528,6.3978,6.4018,1.60,1.00
2009.05.27 14:12:10.818,6.39815,6.4018,1.60,1.00
2009.05.27 14:12:11.388,6.398,6.4022,1.60,1.00
2009.05.27 14:12:12.487,6.39785,6.4022,1.60,1.00
2009.05.27 14:12:12.718,6.39785,6.4018,1.60,1.00
2009.05.27 14:12:12.938,6.39785,6.4022,1.60,2.40
2009.05.27 14:12:13.277,6.39785,6.4018,1.60,1.00
2009.05.27 14:12:13.867,6.398,6.4022,1.60,1.00
2009.05.27 14:12:15.867,6.3978,6.4022,1.60,1.00
2009.05.27 14:12:16.027,6.3978,6.4018,1.60,1.00
2009.05.27 14:12:20.916,6.3974,6.4013,1.60,1.00
2009.05.27 14:12:21.805,6.39705,6.4013,1.60,1.00
2009.05.27 14:12:22.475,6.39725,6.4013,1.60,1.00
2009.05.27 14:12:24.595,6.39755,6.4013,1.60,1.00
2009.05.27 14:12:24.705,6.39755,6.4017,1.60,1.00
2009.05.27 14:12:25.005,6.3977,6.4017,1.60,1.60
2009.05.27 14:12:25.245,6.3977,6.4018,1.60,1.00
2009.05.27 14:12:25.774,6.398,6.4018,1.60,1.00
2009.05.27 14:12:26.004,6.398,6.4022,1.60,1.00
2009.05.27 14:12:27.324,6.3978,6.4022,1.60,1.00
2009.05.27 14:12:27.554,6.3978,6.4018,1.60,1.00
2009.05.27 14:12:28.494,6.39755,6.4017,1.60,1.00
2009.05.27 14:12:29.543,6.3977,6.4018,1.60,1.00
2009.05.27 14:12:29.764,6.3977,6.4017,1.60,1.00
2009.05.27 14:12:30.533,6.39755,6.4017,1.60,1.00
2009.05.27 14:12:33.003,6.39735,6.4017,1.60,1.00
2009.05.27 14:12:33.243,6.39735,6.4013,1.60,1.00
2009.05.27 14:12:33.413,6.39755,6.4013,1.60,1.00
2009.05.27 14:12:33.582,6.39755,6.4017,1.60,2.40
2009.05.27 14:12:33.812,6.39755,6.4017,1.60,1.00
2009.05.27 14:12:34.342,6.3977,6.4018,1.60,1.00
2009.05.27 14:12:34.752,6.39755,6.4017,1.60,1.00
2009.05.27 14:12:35.442,6.39735,6.4013,1.60,1.00
2009.05.27 14:12:36.682,6.39705,6.4013,1.60,1.00
2009.05.27 14:12:37.211,6.39725,6.4013,1.60,1.00
2009.05.27 14:12:39.281,6.39705,6.4012,1.60,1.00
2009.05.27 14:12:39.931,6.3969,6.4008,1.60,1.00
2009.05.27 14:12:42.690,6.3966,6.4008,1.60,1.00
2009.05.27 14:12:42.910,6.39615,6.4003,1.60,1.00
2009.05.27 14:12:43.430,6.39615,6.3999,1.60,1.00
2009.05.27 14:12:43.720,6.39595,6.3999,1.60,1.00
2009.05.27 14:12:44.130,6.39595,6.4003,1.60,1.00
2009.05.27 14:12:44.340,6.39615,6.4003,1.60,1.00
2009.05.27 14:12:45.410,6.39635,6.4003,1.60,1.00
2009.05.27 14:12:48.009,6.3966,6.4003,1.60,1.00
2009.05.27 14:12:48.529,6.3966,6.4008,1.60,1.00
2009.05.27 14:12:48.859,6.39725,6.40115,1.60,1.60
2009.05.27 14:12:49.099,6.39725,6.4013,1.60,1.00
2009.05.27 14:12:50.018,6.39755,6.4016,1.60,1.60
2009.05.27 14:12:50.298,6.39755,6.4017,1.60,1.00
2009.05.27 14:12:56.897,6.39735,6.4013,1.60,1.00
2009.05.27 14:12:57.997,6.39735,6.401,1.60,1.00
2009.05.27 14:12:58.237,6.3972,6.401,1.60,1.00
2009.05.27 14:12:58.407,6.3969,6.401,1.60,1.00
2009.05.27 14:12:58.756,6.39705,6.4012,1.60,1.00
2009.05.27 14:12:59.876,6.39705,6.4008,1.60,1.00
2009.05.27 14:13:00.156,6.3969,6.4008,1.60,1.00
2009.05.27 14:13:01.406,6.39705,6.4012,1.60,1.00
2009.05.27 14:13:02.157,6.3969,6.4012,1.60,1.00
2009.05.27 14:13:02.655,6.39705,6.4012,1.60,1.00
2009.05.27 14:13:03.185,6.39725,6.4013,1.60,1.00
2009.05.27 14:13:06.554,6.39705,6.4013,1.60,1.00
2009.05.27 14:13:06.834,6.39705,6.4008,1.60,1.00
2009.05.27 14:13:07.404,6.3969,6.4012,1.60,1.00
2009.05.27 14:13:07.635,6.3969,6.4008,1.60,1.00
2009.05.27 14:13:07.874,6.39665,6.4008,1.60,1.00
2009.05.27 14:13:09.384,6.3968,6.4008,1.60,1.00
2009.05.27 14:13:10.184,6.39645,6.4003,1.60,1.00
2009.05.27 14:13:10.534,6.39615,6.4003,1.60,1.00
2009.05.27 14:13:11.544,6.39635,6.4003,1.60,1.00
2009.05.27 14:13:11.764,6.396,6.3999,1.60,1.00
2009.05.27 14:13:12.243,6.39615,6.4003,1.60,1.00
2009.05.27 14:13:12.883,6.39595,6.4003,1.60,1.00
2009.05.27 14:13:13.223,6.39595,6.3999,1.60,1.00
2009.05.27 14:13:19.211,6.39595,6.4003,1.60,1.00
2009.05.27 14:13:19.432,6.39595,6.3999,1.60,1.00
2009.05.27 14:13:20.101,6.39615,6.4003,1.60,1.00
2009.05.27 14:13:21.031,6.39635,6.4003,1.60,1.00
2009.05.27 14:13:21.271,6.39615,6.4003,1.60,1.00
2009.05.27 14:13:24.330,6.3957,6.3999,1.60,1.00
2009.05.27 14:13:24.860,6.3959,6.3999,1.60,1.00
2009.05.27 14:13:25.250,6.3959,6.3998,1.60,1.00
2009.05.27 14:13:25.600,6.3957,6.3998,1.60,1.00
2009.05.27 14:13:26.850,6.3955,6.3994,1.60,1.00
2009.05.27 14:13:28.079,6.3956,6.40025,1.60,1.60
2009.05.27 14:13:28.719,6.39535,6.40025,1.60,1.60
2009.05.27 14:13:30.279,6.39575,6.40025,1.60,1.60
2009.05.27 14:13:30.569,6.39575,6.40015,1.60,1.60
2009.05.27 14:13:32.068,6.39535,6.40015,1.60,1.60
2009.05.27 14:13:32.338,6.39555,6.40015,1.60,1.60
2009.05.27 14:13:32.688,6.39555,6.3998,1.60,1.60
2009.05.27 14:13:32.928,6.39535,6.3998,1.60,1.60
2009.05.27 14:13:33.888,6.3957,6.3998,1.60,1.60
2009.05.27 14:13:34.068,6.3957,6.40015,1.60,1.60
2009.05.27 14:13:36.137,6.396,6.40065,1.60,1.60
2009.05.27 14:13:36.487,6.3958,6.40065,1.60,1.60
2009.05.27 14:13:37.527,6.3962,6.40065,1.60,1.60
2009.05.27 14:13:39.996,6.39625,6.40065,1.60,1.60
2009.05.27 14:13:40.286,6.39625,6.4011,1.60,1.60
2009.05.27 14:13:41.346,6.3958,6.4011,3.40,1.60
2009.05.27 14:13:41.696,6.3958,6.40065,3.40,1.60
2009.05.27 14:13:42.036,6.3958,6.40065,1.60,1.60
2009.05.27 14:13:42.386,6.39585,6.40065,1.60,1.60
2009.05.27 14:13:42.726,6.39585,6.40025,1.60,1.60
2009.05.27 14:13:47.535,6.3958,6.40025,1.60,1.60
2009.05.27 14:13:47.875,6.396,6.40065,1.60,1.60
2009.05.27 14:13:48.384,6.3962,6.40065,1.60,1.60
2009.05.27 14:13:49.355,6.3958,6.40065,1.60,1.60
2009.05.27 14:13:51.863,6.3962,6.40065,1.60,1.60
2009.05.27 14:13:53.094,6.39625,6.40065,1.60,1.60
2009.05.27 14:13:53.383,6.3965,6.4011,1.60,1.60
2009.05.27 14:13:53.713,6.39665,6.4011,1.60,1.60
2009.05.27 14:13:55.193,6.3964,6.4011,1.60,1.60
2009.05.27 14:13:55.533,6.3964,6.4008,1.60,2.40
2009.05.27 14:13:56.062,6.3964,6.4008,1.60,1.60
2009.05.27 14:13:56.522,6.39665,6.4008,1.60,1.60
2009.05.27 14:13:56.982,6.39665,6.40105,1.60,1.60
2009.05.27 14:13:57.443,6.3965,6.40085,1.60,1.60
2009.05.27 14:13:58.362,6.3962,6.4006,1.60,1.60
2009.05.27 14:13:58.592,6.39625,6.4005,1.60,1.00
2009.05.27 14:13:58.942,6.39625,6.4004,1.60,1.60
2009.05.27 14:13:59.292,6.39605,6.4006,1.60,1.60
2009.05.27 14:13:59.642,6.39625,6.4006,1.60,1.60
2009.05.27 14:14:01.691,6.3964,6.4008,1.60,1.60
2009.05.27 14:14:02.191,6.39625,6.4006,1.60,1.60
2009.05.27 14:14:02.531,6.39605,6.4006,1.60,1.60
2009.05.27 14:14:02.861,6.39605,6.4004,1.60,1.60
2009.05.27 14:14:07.100,6.39625,6.4004,1.60,1.60
2009.05.27 14:14:07.510,6.39625,6.4006,1.60,1.60
2009.05.27 14:14:10.589,6.39605,6.4005,1.60,1.00
2009.05.27 14:14:11.029,6.39605,6.4004,1.60,1.60
2009.05.27 14:14:13.798,6.3958,6.40015,1.60,1.60
2009.05.27 14:14:15.468,6.39595,6.40015,1.60,1.60
2009.05.27 14:14:15.688,6.39595,6.40035,1.60,1.60
2009.05.27 14:14:16.938,6.3964,6.40075,1.60,1.60
2009.05.27 14:14:18.867,6.3967,6.40075,1.60,1.60
2009.05.27 14:14:19.427,6.3967,6.40105,1.60,1.60
2009.05.27 14:14:19.887,6.3969,6.40125,1.60,1.60
2009.05.27 14:14:20.567,6.39715,6.40125,1.60,1.60
2009.05.27 14:14:20.866,6.39715,6.4015,1.60,1.60
2009.05.27 14:14:21.766,6.39735,6.4017,1.60,1.60
2009.05.27 14:14:23.456,6.3976,6.4017,1.60,1.60
2009.05.27 14:14:23.836,6.3976,6.402,1.60,1.60
2009.05.27 14:14:24.176,6.39755,6.40225,1.60,1.60
2009.05.27 14:14:24.576,6.39835,6.4024,1.60,1.60
2009.05.27 14:14:25.315,6.39805,6.4024,1.60,1.60
2009.05.27 14:14:26.005,6.398,6.40255,1.60,1.60
2009.05.27 14:14:26.285,6.398,6.40295,1.60,1.60
2009.05.27 14:14:26.625,6.3982,6.40295,1.60,1.60
2009.05.27 14:14:26.895,6.3982,6.40255,1.60,1.60
2009.05.27 14:14:27.805,6.3977,6.40255,1.60,1.60
2009.05.27 14:14:28.425,6.39775,6.4024,1.60,1.00
2009.05.27 14:14:28.715,6.39775,6.4021,1.60,1.60
2009.05.27 14:14:28.945,6.3972,6.4021,1.60,1.60
2009.05.27 14:14:29.235,6.39695,6.402,1.80,1.00
2009.05.27 14:14:29.525,6.39675,6.4016,1.60,1.60
2009.05.27 14:14:30.434,6.39675,6.4012,1.60,1.60
2009.05.27 14:14:31.064,6.39675,6.4011,1.60,1.00
2009.05.27 14:14:31.474,6.39675,6.40075,1.60,1.60
2009.05.27 14:14:31.864,6.39675,6.3997,1.60,1.00
2009.05.27 14:14:32.224,6.39675,6.3998,1.60,1.00
2009.05.27 14:14:33.544,6.39675,6.4,1.60,1.60
2009.05.27 14:14:33.714,6.39675,6.4,1.60,1.00
2009.05.27 14:14:34.293,6.39675,6.40045,1.60,1.60
2009.05.27 14:14:34.713,6.39675,6.4005,1.60,1.00
2009.05.27 14:14:38.082,6.39675,6.4009,1.60,1.60
2009.05.27 14:14:38.753,6.39675,6.401,1.60,1.00
2009.05.27 14:14:40.502,6.396,6.401,1.80,1.00
2009.05.27 14:14:40.802,6.39655,6.401,1.60,1.00
2009.05.27 14:14:41.032,6.39665,6.401,1.60,1.00
2009.05.27 14:14:41.372,6.39685,6.401,1.60,1.00
2009.05.27 14:14:46.230,6.39685,6.4005,1.60,1.00
2009.05.27 14:14:46.871,6.3964,6.4005,1.60,1.00
2009.05.27 14:14:47.510,6.39655,6.4005,1.60,1.00
2009.05.27 14:14:47.840,6.39705,6.4005,1.60,1.00
2009.05.27 14:14:48.240,6.39705,6.40145,1.60,1.60
2009.05.27 14:14:51.019,6.3971,6.40145,1.60,1.60
2009.05.27 14:14:51.249,6.3971,6.40195,1.60,1.60
2009.05.27 14:14:54.479,6.3975,6.40195,1.60,1.60
2009.05.27 14:14:54.698,6.3973,6.40195,1.60,1.60
2009.05.27 14:14:55.118,6.3971,6.40195,1.60,1.60
2009.05.27 14:14:57.818,6.3975,6.40195,1.60,1.60
2009.05.27 14:15:01.357,6.3979,6.40195,1.60,1.60
2009.05.27 14:15:01.707,6.3979,6.40235,1.60,1.60
2009.05.27 14:15:02.107,6.39805,6.40245,1.60,1.60
2009.05.27 14:15:05.576,6.3985,6.4029,1.60,1.60
2009.05.27 14:15:06.846,6.39855,6.4029,1.60,1.60
2009.05.27 14:15:07.615,6.39855,6.40335,1.60,1.60
2009.05.27 14:15:07.955,6.399,6.40335,1.60,1.60
2009.05.27 14:15:08.255,6.39915,6.40335,1.60,1.60
2009.05.27 14:15:08.535,6.3995,6.40355,1.60,1.60
2009.05.27 14:15:08.945,6.3995,6.40385,1.60,1.60
2009.05.27 14:15:09.235,6.39915,6.4035,1.60,1.60
2009.05.27 14:15:09.875,6.3995,6.4035,1.60,1.60
2009.05.27 14:15:10.295,6.3995,6.40385,1.60,1.60
2009.05.27 14:15:11.254,6.39915,6.40385,1.60,1.60
2009.05.27 14:15:11.595,6.39915,6.4035,1.60,1.60
2009.05.27 14:15:12.174,6.3987,6.4035,1.60,1.60
2009.05.27 14:15:12.664,6.3987,6.40305,1.60,1.60
2009.05.27 14:15:14.004,6.39825,6.403,1.60,1.00
2009.05.27 14:15:14.514,6.39825,6.4026,1.60,1.60
2009.05.27 14:15:14.684,6.3979,6.4026,1.60,1.60
2009.05.27 14:15:15.024,6.3979,6.4025,1.60,1.00
2009.05.27 14:15:15.263,6.3979,6.40215,1.60,1.60
2009.05.27 14:15:15.833,6.3979,6.40205,1.60,1.60
2009.05.27 14:15:16.063,6.3979,6.4025,1.60,2.40
2009.05.27 14:15:16.343,6.3979,6.4025,1.60,1.60
2009.05.27 14:15:16.923,6.3981,6.4025,1.60,1.60
2009.05.27 14:15:17.313,6.3979,6.4025,1.60,1.60
2009.05.27 14:15:17.673,6.3981,6.40245,1.60,1.60
2009.05.27 14:15:20.512,6.3977,6.40245,1.60,1.60
2009.05.27 14:15:20.632,6.39795,6.40245,1.60,1.60
2009.05.27 14:15:20.962,6.3981,6.40245,1.60,1.60
2009.05.27 14:15:22.262,6.39815,6.40245,1.60,1.60
2009.05.27 14:15:22.602,6.3984,6.40295,1.60,1.60
2009.05.27 14:15:23.061,6.3986,6.40295,1.60,1.60
2009.05.27 14:15:23.692,6.3987,6.40335,1.60,1.60
2009.05.27 14:15:24.041,6.39845,6.40305,1.60,1.60
2009.05.27 14:15:24.451,6.39845,6.40345,1.60,1.60
2009.05.27 14:15:24.851,6.39865,6.40345,1.60,1.60
2009.05.27 14:15:25.661,6.3991,6.40345,1.60,1.60
2009.05.27 14:15:25.951,6.3991,6.4039,1.60,1.60
2009.05.27 14:15:26.291,6.3995,6.4039,1.60,1.60
2009.05.27 14:15:27.580,6.39955,6.4039,1.60,1.60
2009.05.27 14:15:28.180,6.39955,6.40435,1.60,1.60
2009.05.27 14:15:28.410,6.4,6.40435,1.60,1.60
2009.05.27 14:15:28.590,6.4,6.4048,1.60,1.60
2009.05.27 14:15:29.360,6.4004,6.4048,1.60,1.60
2009.05.27 14:15:30.000,6.4,6.4048,1.60,1.60
2009.05.27 14:15:30.810,6.4008,6.4048,1.60,1.60
2009.05.27 14:15:31.160,6.4008,6.4052,1.60,1.60
2009.05.27 14:15:31.829,6.4013,6.4052,1.60,1.60
2009.05.27 14:15:32.119,6.4013,6.40565,1.60,1.60
2009.05.27 14:15:32.399,6.4011,6.40565,1.60,1.60
2009.05.27 14:15:32.789,6.40095,6.40575,1.60,1.60
2009.05.27 14:15:33.329,6.40115,6.40535,1.60,1.60
2009.05.27 14:15:33.799,6.40095,6.40535,1.60,1.60
2009.05.27 14:15:34.399,6.40045,6.40535,1.60,1.60
2009.05.27 14:15:34.979,6.4007,6.40535,1.60,1.60
2009.05.27 14:15:35.319,6.4005,6.40485,1.60,1.60
2009.05.27 14:15:35.858,6.4,6.40485,1.60,1.60
2009.05.27 14:15:36.098,6.40025,6.4044,1.60,1.60
2009.05.27 14:15:36.369,6.4008,6.4044,1.60,1.60
2009.05.27 14:15:36.819,6.4008,6.40515,1.60,1.60
2009.05.27 14:15:37.048,6.3996,6.4049,3.40,1.60
2009.05.27 14:15:37.438,6.40065,6.4052,1.60,1.60
2009.05.27 14:15:37.788,6.4004,6.4052,1.60,1.60
2009.05.27 14:15:38.128,6.4003,6.40485,1.60,1.60
2009.05.27 14:15:40.367,6.4005,6.4052,1.60,1.60
2009.05.27 14:15:40.578,6.4003,6.40525,1.60,1.60
2009.05.27 14:15:41.157,6.4008,6.40525,1.60,1.60
2009.05.27 14:15:42.657,6.40085,6.40485,1.60,1.60
2009.05.27 14:15:44.257,6.40135,6.40485,1.60,1.60
2009.05.27 14:15:44.427,6.40135,6.40535,1.60,1.60
2009.05.27 14:15:44.786,6.40135,6.4062,1.60,1.60
2009.05.27 14:15:45.436,6.40145,6.40545,1.60,1.60
2009.05.27 14:15:45.726,6.40145,6.40555,1.60,1.60
2009.05.27 14:15:46.356,6.40165,6.40555,1.60,1.60
2009.05.27 14:15:46.866,6.40165,6.40575,1.60,1.60
2009.05.27 14:15:47.606,6.40165,6.4066,1.60,1.60
2009.05.27 14:15:48.415,6.40205,6.4066,1.80,1.60
2009.05.27 14:15:48.825,6.40215,6.4066,1.60,1.60
2009.05.27 14:15:49.275,6.40235,6.4071,1.80,1.60
2009.05.27 14:15:50.265,6.4023,6.4071,1.80,1.60
2009.05.27 14:15:50.555,6.4025,6.4071,1.80,1.60
2009.05.27 14:15:50.825,6.4025,6.4074,3.40,1.60
2009.05.27 14:15:51.165,6.40255,6.4074,1.60,1.60
2009.05.27 14:15:51.555,6.4026,6.4074,1.80,1.60
2009.05.27 14:15:51.845,6.4028,6.4072,1.60,1.60
2009.05.27 14:15:52.135,6.4028,6.40695,1.60,1.60
2009.05.27 14:15:52.905,6.403,6.4071,1.60,1.60
2009.05.27 14:15:53.255,6.4027,6.40675,1.60,1.60
2009.05.27 14:15:53.484,6.4029,6.40675,1.60,1.60
2009.05.27 14:15:54.054,6.4031,6.40695,1.60,1.60
2009.05.27 14:15:54.465,6.40375,6.4071,1.60,1.60
2009.05.27 14:15:54.694,6.40375,6.4078,1.60,1.60
2009.05.27 14:15:56.054,6.404,6.40805,1.60,1.60
2009.05.27 14:15:56.333,6.40445,6.40805,1.60,1.60
2009.05.27 14:15:56.793,6.4043,6.40835,1.60,1.60
2009.05.27 14:15:57.153,6.40445,6.40835,1.60,1.60
2009.05.27 14:15:57.483,6.40445,6.4085,1.60,1.60
2009.05.27 14:15:57.843,6.4049,6.4085,1.60,1.60
2009.05.27 14:15:58.133,6.4049,6.40895,1.60,1.60
2009.05.27 14:16:00.103,6.4052,6.40895,1.60,1.60
2009.05.27 14:16:00.642,6.4052,6.40925,1.60,1.60
2009.05.27 14:16:00.863,6.4054,6.40925,1.60,1.60
2009.05.27 14:16:01.553,6.40565,6.4094,1.60,1.60
2009.05.27 14:16:01.792,6.40565,6.40965,1.60,1.60
2009.05.27 14:16:02.732,6.4055,6.4095,1.60,1.60
2009.05.27 14:16:03.482,6.40565,6.4095,1.60,1.60
2009.05.27 14:16:03.902,6.40545,6.4095,1.60,1.60
2009.05.27 14:16:04.132,6.40585,6.4097,1.60,1.60
2009.05.27 14:16:04.402,6.40585,6.4099,1.60,1.60
2009.05.27 14:16:05.091,6.40625,6.4099,1.60,1.60
2009.05.27 14:16:05.202,6.4064,6.4104,1.60,1.60
2009.05.27 14:16:06.191,6.40625,6.4104,1.60,1.60
2009.05.27 14:16:06.591,6.40625,6.4103,1.60,1.60
2009.05.27 14:16:07.741,6.40605,6.4103,1.60,1.60
2009.05.27 14:16:08.101,6.40665,6.4101,1.60,1.60
2009.05.27 14:16:08.441,6.407,6.41105,1.60,1.60
2009.05.27 14:16:08.791,6.40705,6.4114,1.60,1.60
2009.05.27 14:16:09.081,6.4075,6.4119,1.60,1.60
2009.05.27 14:16:10.210,6.4071,6.41235,1.60,1.60
2009.05.27 14:16:10.671,6.4076,6.4123,1.60,1.60
2009.05.27 14:16:10.900,6.4076,6.41195,1.60,1.60
2009.05.27 14:16:12.650,6.40705,6.41195,1.60,1.60
2009.05.27 14:16:13.160,6.4071,6.4115,1.60,1.60
2009.05.27 14:16:14.699,6.40715,6.4112,1.60,1.60
2009.05.27 14:16:15.159,6.40665,6.4112,1.60,1.60
2009.05.27 14:16:15.389,6.407,6.4114,1.60,1.60
2009.05.27 14:16:16.978,6.4066,6.4114,1.60,1.60
2009.05.27 14:16:18.598,6.40665,6.4114,1.60,1.60
2009.05.27 14:16:18.808,6.40665,6.41105,1.60,1.60
2009.05.27 14:16:21.787,6.40615,6.41105,1.60,1.60
2009.05.27 14:16:22.077,6.4066,6.41105,1.60,1.60
2009.05.27 14:16:22.407,6.407,6.41145,1.60,1.60
2009.05.27 14:16:22.747,6.4065,6.41145,1.80,1.60
2009.05.27 14:16:23.017,6.4065,6.41065,1.80,1.60
2009.05.27 14:16:23.297,6.40625,6.41065,1.60,1.60
2009.05.27 14:16:23.707,6.40575,6.41015,1.60,1.60
2009.05.27 14:16:24.067,6.4052,6.41015,1.60,1.60
2009.05.27 14:16:24.367,6.4052,6.41005,1.60,1.60
2009.05.27 14:16:24.667,6.4055,6.41005,1.60,1.60
2009.05.27 14:16:24.947,6.4055,6.41085,1.60,1.60
2009.05.27 14:16:25.246,6.4055,6.41205,1.60,1.20
2009.05.27 14:16:25.546,6.4063,6.4121,1.80,1.60
2009.05.27 14:16:26.236,6.40635,6.4121,1.60,1.60
2009.05.27 14:16:26.527,6.40635,6.4115,1.60,1.60
2009.05.27 14:16:26.926,6.40655,6.4115,1.80,1.60
2009.05.27 14:16:28.146,6.40665,6.4115,1.80,1.60
2009.05.27 14:16:28.966,6.40665,6.4115,3.40,1.60
2009.05.27 14:16:29.306,6.4067,6.41235,1.80,1.60
2009.05.27 14:16:29.586,6.4069,6.41235,1.60,1.60
2009.05.27 14:16:29.876,6.407,6.41195,1.80,1.60
2009.05.27 14:16:30.106,6.4077,6.41235,1.60,1.60
2009.05.27 14:16:30.386,6.40855,6.41275,1.60,1.60
2009.05.27 14:16:30.675,6.40855,6.41325,1.60,1.60
2009.05.27 14:16:31.365,6.40865,6.41325,1.60,1.60
2009.05.27 14:16:31.765,6.40865,6.41335,1.60,1.60
2009.05.27 14:16:32.045,6.4091,6.4138,1.60,1.60
2009.05.27 14:16:33.864,6.40945,6.4138,1.60,1.60
2009.05.27 14:16:34.154,6.4096,6.4143,1.60,1.60
2009.05.27 14:16:34.605,6.4101,6.4146,1.60,1.60
2009.05.27 14:16:35.124,6.41045,6.4148,1.60,1.60
2009.05.27 14:16:35.414,6.4108,6.41485,1.60,1.60
2009.05.27 14:16:35.714,6.4108,6.41505,1.60,1.60
2009.05.27 14:16:36.004,6.41105,6.41485,1.60,1.60
2009.05.27 14:16:36.654,6.41105,6.4152,1.60,1.60
2009.05.27 14:16:37.804,6.41085,6.4152,1.60,1.60
2009.05.27 14:16:38.143,6.41085,6.4149,1.60,1.60
2009.05.27 14:16:39.014,6.411,6.4149,1.60,1.60
2009.05.27 14:16:39.353,6.411,6.41505,1.60,1.60
2009.05.27 14:16:39.833,6.41085,6.41505,1.60,1.60
2009.05.27 14:16:40.133,6.41085,6.41485,1.60,1.60
2009.05.27 14:16:40.873,6.41055,6.4146,1.60,1.60
2009.05.27 14:16:41.693,6.41035,6.4146,1.60,1.60
2009.05.27 14:16:42.033,6.41035,6.4144,1.60,1.60
2009.05.27 14:16:42.423,6.4101,6.41415,1.60,1.60
2009.05.27 14:16:42.712,6.4101,6.4143,1.60,1.60
2009.05.27 14:16:43.182,6.4103,6.41415,1.60,1.60
2009.05.27 14:16:43.702,6.40995,6.4143,1.60,1.60
2009.05.27 14:16:44.032,6.40995,6.41395,1.60,1.60
2009.05.27 14:16:47.151,6.40965,6.41395,1.60,1.60
2009.05.27 14:16:47.671,6.40905,6.41365,1.60,1.60
2009.05.27 14:16:48.121,6.40905,6.4131,1.60,1.60
2009.05.27 14:16:49.801,6.40855,6.4126,1.60,1.60
2009.05.27 14:16:51.361,6.4089,6.4129,1.60,1.60
2009.05.27 14:16:54.430,6.4087,6.4129,1.60,1.60
2009.05.27 14:16:54.720,6.4087,6.41275,1.60,1.60
2009.05.27 14:16:55.119,6.40915,6.41275,1.60,1.60
2009.05.27 14:16:55.410,6.40935,6.4132,1.60,1.60
2009.05.27 14:16:55.770,6.40935,6.4134,1.60,1.60
2009.05.27 14:16:56.269,6.40965,6.41365,1.60,1.60
2009.05.27 14:16:58.019,6.40945,6.4135,1.60,1.60
2009.05.27 14:17:00.848,6.409,6.4135,1.60,1.60
2009.05.27 14:17:01.198,6.40915,6.4135,1.60,1.60
2009.05.27 14:17:01.438,6.409,6.4132,1.60,1.60
2009.05.27 14:17:01.738,6.40935,6.41305,1.60,1.60
2009.05.27 14:17:02.150,6.40935,6.4134,1.60,1.60
2009.05.27 14:17:03.457,6.409,6.4134,1.60,1.60
2009.05.27 14:17:03.917,6.409,6.41305,1.60,1.60
2009.05.27 14:17:08.146,6.40825,6.4126,1.60,1.60
2009.05.27 14:17:08.327,6.4087,6.4123,1.60,1.60
2009.05.27 14:17:08.626,6.4087,6.41275,1.60,1.60
2009.05.27 14:17:08.966,6.4089,6.41275,1.60,1.60
2009.05.27 14:17:09.146,6.4089,6.41295,1.60,1.60
2009.05.27 14:17:09.326,6.4087,6.41295,1.60,1.60
2009.05.27 14:17:09.626,6.4087,6.41275,1.60,1.60
2009.05.27 14:17:10.836,6.40855,6.41275,1.60,1.60
2009.05.27 14:17:11.135,6.4087,6.41255,1.60,1.60
2009.05.27 14:17:11.366,6.4087,6.41275,1.60,1.60
2009.05.27 14:17:12.275,6.4089,6.41275,1.60,1.60
2009.05.27 14:17:12.565,6.4089,6.41295,1.60,1.60
2009.05.27 14:17:12.845,6.4087,6.41295,1.60,1.60
2009.05.27 14:17:13.195,6.4087,6.41275,1.60,1.60
2009.05.27 14:17:13.595,6.40855,6.41275,1.60,1.60
2009.05.27 14:17:14.005,6.40855,6.41255,1.60,1.60
2009.05.27 14:17:14.815,6.4081,6.41215,1.60,1.60
2009.05.27 14:17:15.425,6.4081,6.4123,1.60,1.60
2009.05.27 14:17:15.594,6.40805,6.4123,1.60,1.60
2009.05.27 14:17:15.765,6.40805,6.4121,1.60,1.60
2009.05.27 14:17:18.064,6.40655,6.4106,1.60,1.00
2009.05.27 14:17:18.414,6.407,6.4106,1.60,1.00
2009.05.27 14:17:18.744,6.4072,6.41105,1.60,1.60
2009.05.27 14:17:19.134,6.4072,6.4111,1.60,1.00
2009.05.27 14:17:19.363,6.407,6.4111,1.60,1.00
2009.05.27 14:17:19.654,6.407,6.4106,1.60,1.00
2009.05.27 14:17:20.004,6.4072,6.41105,1.60,1.60
2009.05.27 14:17:20.303,6.407,6.4111,1.60,1.00
2009.05.27 14:17:21.043,6.4072,6.4111,1.60,1.00
2009.05.27 14:17:25.293,6.40735,6.4111,1.60,1.00
2009.05.27 14:17:25.702,6.4075,6.4115,1.60,1.60
2009.05.27 14:17:25.942,6.4075,6.4115,1.60,2.40
2009.05.27 14:17:29.991,6.40765,6.4115,1.60,2.40
2009.05.27 14:17:30.211,6.4073,6.4115,1.60,1.00
2009.05.27 14:17:30.631,6.4075,6.41135,1.60,1.60
2009.05.27 14:17:31.101,6.4075,6.4115,1.60,2.40
2009.05.27 14:17:31.331,6.40765,6.4115,1.60,2.40
2009.05.27 14:17:31.561,6.4073,6.4115,1.60,1.00
2009.05.27 14:17:31.841,6.40765,6.41135,1.60,1.60
2009.05.27 14:17:32.181,6.4073,6.41135,1.60,1.60
2009.05.27 14:17:32.990,6.4073,6.4111,1.60,1.00
2009.05.27 14:17:33.880,6.40685,6.41105,1.60,1.60
2009.05.27 14:17:34.110,6.40685,6.4106,1.60,1.00
2009.05.27 14:17:34.470,6.40655,6.4106,1.60,1.00
2009.05.27 14:17:34.810,6.40675,6.4106,1.60,2.40
2009.05.27 14:17:34.870,6.40675,6.4108,1.60,1.60
2009.05.27 14:17:35.160,6.407,6.4108,1.60,1.60
2009.05.27 14:17:35.570,6.407,6.41105,1.60,1.60
2009.05.27 14:17:36.389,6.4072,6.4111,1.60,1.00
2009.05.27 14:17:36.959,6.4075,6.4111,1.60,1.00
2009.05.27 14:17:37.409,6.4073,6.4115,1.60,1.60
2009.05.27 14:17:37.769,6.4075,6.41135,1.60,1.60
2009.05.27 14:17:38.119,6.4075,6.4115,1.60,2.40
2009.05.27 14:17:38.809,6.4075,6.41135,1.60,1.60
2009.05.27 14:17:38.979,6.4073,6.41135,1.60,1.60
2009.05.27 14:17:39.329,6.4073,6.4111,1.60,1.00
2009.05.27 14:17:39.899,6.4075,6.4115,1.60,2.40
2009.05.27 14:17:40.468,6.40765,6.4115,1.60,2.40
2009.05.27 14:17:41.078,6.40765,6.4115,1.60,1.00
2009.05.27 14:17:41.748,6.40795,6.412,1.60,1.60
2009.05.27 14:17:42.088,6.40805,6.412,1.60,1.60
2009.05.27 14:17:42.368,6.4082,6.4121,1.60,1.60
2009.05.27 14:17:42.588,6.40845,6.41225,1.60,1.60
2009.05.27 14:17:42.819,6.4083,6.4135,1.60,1.60
2009.05.27 14:17:43.558,6.40835,6.4135,1.60,1.60
2009.05.27 14:17:43.898,6.40855,6.41345,1.60,1.60
2009.05.27 14:17:44.238,6.4087,6.4131,1.60,1.60
2009.05.27 14:17:44.627,6.4089,6.41345,1.60,1.60
2009.05.27 14:17:45.087,6.409,6.4133,1.60,1.60
2009.05.27 14:17:45.607,6.4089,6.4133,1.60,1.60
2009.05.27 14:17:46.117,6.4089,6.4131,1.60,1.60
2009.05.27 14:17:48.737,6.40885,6.4129,1.60,1.60
2009.05.27 14:17:49.137,6.40855,6.4122,1.60,1.00
2009.05.27 14:17:49.886,6.40875,6.4122,1.60,1.00
2009.05.27 14:17:50.266,6.40855,6.4122,1.60,1.00
2009.05.27 14:17:50.726,6.40875,6.4122,1.60,1.00
2009.05.27 14:17:51.126,6.40855,6.4122,1.60,1.00
2009.05.27 14:17:54.355,6.4084,6.4122,1.60,1.00
2009.05.27 14:17:54.635,6.40855,6.4122,1.60,1.00
2009.05.27 14:17:54.985,6.4084,6.4122,1.60,1.00
2009.05.27 14:17:55.345,6.40855,6.4117,1.60,1.00
2009.05.27 14:17:55.695,6.40855,6.4122,1.60,1.00
2009.05.27 14:17:56.146,6.40875,6.4122,1.60,1.00
2009.05.27 14:17:58.794,6.40905,6.4128,1.60,1.60
2009.05.27 14:17:59.234,6.40905,6.4127,1.60,1.00
2009.05.27 14:17:59.674,6.4092,6.4127,1.60,1.00
2009.05.27 14:18:01.623,6.4095,6.4127,1.60,1.00
2009.05.27 14:18:02.073,6.4095,6.41355,1.60,1.60
2009.05.27 14:18:02.303,6.4095,6.4131,1.60,1.00
2009.05.27 14:18:02.873,6.4096,6.41365,1.60,1.60
2009.05.27 14:18:03.223,6.40945,6.41345,1.60,1.60
2009.05.27 14:18:03.583,6.40925,6.4133,1.60,1.60
2009.05.27 14:18:04.503,6.40855,6.4126,1.60,1.60
2009.05.27 14:18:04.793,6.40775,6.4126,1.60,1.60
2009.05.27 14:18:05.023,6.40775,6.41205,1.60,1.60
2009.05.27 14:18:05.253,6.40775,6.41175,1.60,1.60
2009.05.27 14:18:05.643,6.4079,6.41175,1.60,1.60
2009.05.27 14:18:05.973,6.4079,6.41195,1.60,1.60
2009.05.27 14:18:07.612,6.4082,6.41225,1.60,1.60
2009.05.27 14:18:08.072,6.408,6.41225,1.60,1.60
2009.05.27 14:18:08.362,6.408,6.41205,1.60,1.60
2009.05.27 14:18:09.962,6.40755,6.4118,1.60,1.00
2009.05.27 14:18:10.381,6.40755,6.4116,1.60,1.60
2009.05.27 14:18:10.621,6.40725,6.4113,1.60,1.60
2009.05.27 14:18:11.181,6.4071,6.4113,1.60,1.60
2009.05.27 14:18:11.511,6.4071,6.4111,1.60,1.60
2009.05.27 14:18:11.791,6.40685,6.4111,1.60,1.60
2009.05.27 14:18:12.191,6.40665,6.41085,1.60,1.60
2009.05.27 14:18:12.431,6.40665,6.41065,1.60,1.60
2009.05.27 14:18:13.191,6.4066,6.41065,1.60,1.60
2009.05.27 14:18:13.551,6.40695,6.4108,1.60,1.00
2009.05.27 14:18:13.891,6.4068,6.411,1.60,1.60
2009.05.27 14:18:14.190,6.407,6.41085,1.60,1.60
2009.05.27 14:18:14.310,6.407,6.41105,1.60,1.60
2009.05.27 14:18:15.110,6.40665,6.4108,1.60,1.00
2009.05.27 14:18:15.340,6.40665,6.4107,1.60,1.60
2009.05.27 14:18:15.850,6.4062,6.4104,1.60,1.00
2009.05.27 14:18:16.420,6.4059,6.41025,1.60,1.60
2009.05.27 14:18:16.700,6.40605,6.4101,1.60,1.60
2009.05.27 14:18:16.990,6.40565,6.40975,1.60,1.60
2009.05.27 14:18:17.280,6.40515,6.4096,1.60,1.60
2009.05.27 14:18:18.429,6.40555,6.4096,1.60,1.60
2009.05.27 14:18:19.299,6.40565,6.41005,1.60,1.60
2009.05.27 14:18:19.639,6.406,6.40965,1.60,1.60
2009.05.27 14:18:19.799,6.406,6.41,1.60,1.60
2009.05.27 14:18:20.719,6.40605,6.41055,1.60,1.60
2009.05.27 14:18:20.949,6.40645,6.41055,1.60,1.60
2009.05.27 14:18:21.529,6.40605,6.41055,1.60,1.60
2009.05.27 14:18:21.989,6.40535,6.4099,1.80,1.00
2009.05.27 14:18:22.388,6.4054,6.4103,1.60,2.40
2009.05.27 14:18:23.098,6.40555,6.4103,1.60,2.40
2009.05.27 14:18:23.788,6.4058,6.4103,1.60,1.60
2009.05.27 14:18:24.018,6.4058,6.41015,1.60,1.60
2009.05.27 14:18:24.958,6.406,6.41015,1.60,1.60
2009.05.27 14:18:27.127,6.40565,6.41015,1.60,1.60
2009.05.27 14:18:27.397,6.40565,6.4098,1.60,1.60
2009.05.27 14:18:27.917,6.40595,6.4098,1.60,1.60
2009.05.27 14:18:28.377,6.40595,6.41,1.60,1.60
2009.05.27 14:18:28.827,6.4056,6.40985,1.60,1.60
2009.05.27 14:18:29.177,6.4056,6.40965,1.60,1.60
2009.05.27 14:18:32.186,6.4058,6.40965,1.60,1.60
2009.05.27 14:18:33.026,6.4058,6.40985,1.60,1.60
2009.05.27 14:18:33.996,6.406,6.41005,1.60,1.60
2009.05.27 14:18:35.075,6.4064,6.41005,1.60,1.60
2009.05.27 14:18:35.545,6.4061,6.41045,1.60,1.60
2009.05.27 14:18:35.765,6.4061,6.41015,1.60,1.60
2009.05.27 14:18:36.985,6.40645,6.41015,1.60,1.60
2009.05.27 14:18:37.215,6.40645,6.41045,1.60,1.60
2009.05.27 14:18:38.445,6.4069,6.41045,1.60,1.60
2009.05.27 14:18:38.784,6.4069,6.4109,1.60,1.60
2009.05.27 14:18:39.494,6.40735,6.4109,1.60,1.60
2009.05.27 14:18:39.834,6.40735,6.4114,1.60,1.60
2009.05.27 14:18:40.844,6.40765,6.4117,1.60,1.60
2009.05.27 14:18:41.574,6.40785,6.4117,1.60,1.60
2009.05.27 14:18:41.924,6.40765,6.4117,1.60,1.60
2009.05.27 14:18:42.384,6.40745,6.4117,1.60,1.60
2009.05.27 14:18:42.733,6.40755,6.4115,1.60,1.60
2009.05.27 14:18:43.064,6.4081,6.41215,1.60,1.60
2009.05.27 14:18:43.463,6.4078,6.41215,1.60,1.60
2009.05.27 14:18:44.183,6.4078,6.41185,1.60,1.60
2009.05.27 14:18:45.713,6.4075,6.41185,1.60,1.60
2009.05.27 14:18:48.192,6.4078,6.4117,1.60,1.60
2009.05.27 14:18:48.532,6.40765,6.4117,1.60,1.60
2009.05.27 14:18:49.002,6.40745,6.4117,1.60,1.60
2009.05.27 14:18:49.412,6.40765,6.4117,1.60,1.60
2009.05.27 14:18:50.422,6.40745,6.4115,1.60,1.60
2009.05.27 14:18:52.651,6.40765,6.4115,1.60,1.60
2009.05.27 14:18:52.881,6.40765,6.4117,1.60,1.60
2009.05.27 14:18:53.221,6.40785,6.4117,1.60,1.60
2009.05.27 14:18:53.451,6.4075,6.41185,1.60,1.60
2009.05.27 14:18:53.691,6.4078,6.41185,1.60,1.60
2009.05.27 14:18:54.882,6.4079,6.41215,1.60,1.60
2009.05.27 14:18:55.241,6.4079,6.41195,1.60,1.60
2009.05.27 14:18:57.910,6.40765,6.4117,1.60,1.60
2009.05.27 14:18:58.700,6.40745,6.4117,1.60,1.60
2009.05.27 14:18:58.870,6.40745,6.4115,1.60,1.60
2009.05.27 14:19:01.229,6.4072,6.4115,1.60,1.60
2009.05.27 14:19:01.459,6.407,6.41105,1.60,1.60
2009.05.27 14:19:01.979,6.4072,6.41105,1.60,1.60
2009.05.27 14:19:02.329,6.407,6.41105,1.60,1.60
2009.05.27 14:19:02.950,6.4072,6.41105,1.60,1.60
2009.05.27 14:19:03.298,6.40765,6.41125,1.60,1.60
2009.05.27 14:19:03.639,6.40765,6.4117,1.60,1.60
2009.05.27 14:19:04.658,6.40785,6.41185,1.60,1.60
2009.05.27 14:19:05.978,6.40825,6.41185,1.60,1.60
2009.05.27 14:19:06.218,6.40825,6.4123,1.60,1.60
2009.05.27 14:19:06.778,6.40795,6.4123,1.60,1.60
2009.05.27 14:19:07.318,6.40795,6.412,1.60,1.60
2009.05.27 14:19:07.557,6.4075,6.41155,1.60,1.60
2009.05.27 14:19:16.715,6.40705,6.41155,1.60,1.60
2009.05.27 14:19:16.935,6.40705,6.4111,1.60,1.60
2009.05.27 14:19:21.544,6.4066,6.4111,1.60,1.60
2009.05.27 14:19:21.824,6.40675,6.4111,1.60,1.60
2009.05.27 14:19:22.164,6.40655,6.41075,1.60,1.60
2009.05.27 14:19:22.394,6.40655,6.4106,1.60,1.60
2009.05.27 14:19:24.793,6.40625,6.4106,1.60,1.60
2009.05.27 14:19:25.033,6.40675,6.4106,1.60,1.60
2009.05.27 14:19:25.203,6.40675,6.41075,1.60,1.60
2009.05.27 14:19:25.433,6.40655,6.4106,1.60,1.60
2009.05.27 14:19:26.173,6.4067,6.4106,1.60,1.60
2009.05.27 14:19:26.403,6.4067,6.41075,1.60,1.60
2009.05.27 14:19:27.203,6.40655,6.41075,1.60,1.60
2009.05.27 14:19:27.553,6.40655,6.4106,1.60,1.60
2009.05.27 14:19:28.932,6.40655,6.41095,1.60,1.60
2009.05.27 14:19:29.102,6.4069,6.41095,1.60,1.60
2009.05.27 14:19:30.482,6.40655,6.41095,1.60,1.60
2009.05.27 14:19:30.832,6.40655,6.4106,1.60,1.60
2009.05.27 14:19:32.942,6.4057,6.4106,1.60,1.60
2009.05.27 14:19:33.291,6.4057,6.4105,1.60,1.00
2009.05.27 14:19:33.531,6.40535,6.4105,3.40,1.00
2009.05.27 14:19:33.811,6.40535,6.41025,3.40,1.60
2009.05.27 14:19:34.051,6.40535,6.41025,1.60,1.60
2009.05.27 14:19:34.751,6.40515,6.41025,1.60,1.60
2009.05.27 14:19:35.101,6.40515,6.41005,1.60,1.60
2009.05.27 14:19:38.570,6.40535,6.41005,1.60,1.60
2009.05.27 14:19:39.030,6.40555,6.41005,1.60,1.60
2009.05.27 14:19:39.630,6.4058,6.41005,1.60,1.60
2009.05.27 14:19:40.280,6.4058,6.41005,3.20,1.60
2009.05.27 14:19:40.579,6.40615,6.41095,3.40,1.60
2009.05.27 14:19:40.980,6.4069,6.4113,1.60,1.60
2009.05.27 14:19:41.209,6.4071,6.41205,1.60,1.60
2009.05.27 14:19:41.509,6.4071,6.41225,1.60,1.60
2009.05.27 14:19:41.800,6.4072,6.41225,1.80,1.60
2009.05.27 14:19:42.089,6.40735,6.41225,1.60,1.60
2009.05.27 14:19:42.549,6.40755,6.4127,3.40,1.60
2009.05.27 14:19:42.889,6.4079,6.41355,1.60,1.60
2009.05.27 14:19:43.279,6.40835,6.41385,1.80,1.60
2009.05.27 14:19:43.579,6.40835,6.41345,1.80,1.60
2009.05.27 14:19:43.979,6.40815,6.41325,1.80,1.60
2009.05.27 14:19:44.909,6.40805,6.41295,1.60,1.60
2009.05.27 14:19:45.249,6.4088,6.41425,1.60,1.60
2009.05.27 14:19:45.492,6.40925,6.4147,1.60,1.60
2009.05.27 14:19:45.788,6.40925,6.41515,1.60,1.60
2009.05.27 14:19:45.848,6.4098,6.41515,1.80,1.60
2009.05.27 14:19:46.619,6.4097,6.4144,1.80,1.60
2009.05.27 14:19:46.958,6.4091,6.4144,1.80,1.60
2009.05.27 14:19:47.308,6.4091,6.4142,1.80,1.60
2009.05.27 14:19:48.858,6.40895,6.414,3.40,1.00
2009.05.27 14:19:49.138,6.40895,6.41375,3.40,1.60
2009.05.27 14:19:49.378,6.4091,6.41375,1.60,1.60
2009.05.27 14:19:49.718,6.4091,6.4133,1.60,1.60
2009.05.27 14:19:50.067,6.4094,6.4136,1.60,1.60
2009.05.27 14:19:50.417,6.4095,6.4136,1.60,1.60
2009.05.27 14:19:50.937,6.40895,6.4135,1.60,1.00
2009.05.27 14:19:51.257,6.4091,6.413,1.60,1.60
2009.05.27 14:19:51.497,6.40895,6.41315,1.60,1.60
2009.05.27 14:19:52.007,6.4094,6.41345,1.60,1.60
2009.05.27 14:19:52.807,6.40955,6.41345,1.60,1.60
2009.05.27 14:19:53.026,6.40955,6.4136,1.60,1.60
2009.05.27 14:19:53.407,6.40835,6.4127,1.80,1.00
2009.05.27 14:19:53.756,6.4082,6.4127,1.60,1.00
2009.05.27 14:19:54.686,6.408,6.4126,1.60,1.00
2009.05.27 14:19:55.156,6.4081,6.4127,1.60,1.00
2009.05.27 14:19:55.496,6.4082,6.4127,1.60,1.00
2009.05.27 14:19:56.925,6.4086,6.4127,1.60,1.00
2009.05.27 14:19:57.216,6.4086,6.4131,1.60,1.00
2009.05.27 14:19:58.425,6.4086,6.4132,1.60,1.60
2009.05.27 14:19:58.775,6.4091,6.41355,1.60,1.60
2009.05.27 14:19:59.006,6.4091,6.41405,1.60,1.60
2009.05.27 14:19:59.825,6.4093,6.4139,1.60,1.60
2009.05.27 14:20:00.415,6.4097,6.4139,1.60,1.60
2009.05.27 14:20:00.764,6.4098,6.41415,1.60,1.60
2009.05.27 14:20:01.505,6.41005,6.41415,1.60,1.60
2009.05.27 14:20:01.845,6.41005,6.4145,1.60,1.60
2009.05.27 14:20:04.054,6.4108,6.4142,1.60,1.60
2009.05.27 14:20:04.454,6.4113,6.4149,1.60,1.60
2009.05.27 14:20:04.734,6.41105,6.41525,1.60,1.60
2009.05.27 14:20:05.024,6.41125,6.4151,1.60,1.60
2009.05.27 14:20:05.314,6.4114,6.41525,1.60,1.60
2009.05.27 14:20:05.604,6.41185,6.41545,1.60,1.60
2009.05.27 14:20:05.914,6.41185,6.4159,1.60,1.60
2009.05.27 14:20:07.123,6.4115,6.4159,1.60,2.40
2009.05.27 14:20:07.353,6.4115,6.41555,1.60,1.60
2009.05.27 14:20:08.113,6.4115,6.41575,1.60,1.60
2009.05.27 14:20:08.523,6.4115,6.41555,1.60,1.60
2009.05.27 14:20:08.933,6.41185,6.4159,1.60,1.60
2009.05.27 14:20:09.673,6.41215,6.4159,1.60,1.60
2009.05.27 14:20:09.902,6.41215,6.4162,1.60,1.60
2009.05.27 14:20:10.592,6.41195,6.4162,1.60,1.60
2009.05.27 14:20:11.262,6.41195,6.416,1.60,1.60
2009.05.27 14:20:11.672,6.4119,6.416,1.60,1.60
2009.05.27 14:20:11.912,6.4117,6.41575,1.60,1.60
2009.05.27 14:20:12.712,6.4115,6.41575,1.60,1.60
2009.05.27 14:20:12.952,6.4115,6.41555,1.60,1.60
2009.05.27 14:20:15.241,6.4117,6.41575,1.60,1.60
2009.05.27 14:20:15.591,6.41185,6.41575,1.60,1.60
2009.05.27 14:20:16.001,6.4117,6.4159,1.60,1.60
2009.05.27 14:20:16.351,6.4117,6.41575,1.60,1.60
2009.05.27 14:20:16.691,6.41045,6.41555,2.40,1.60
2009.05.27 14:20:17.161,6.4102,6.415,1.80,1.00
2009.05.27 14:20:17.501,6.4102,6.4145,1.60,1.00
2009.05.27 14:20:17.801,6.41035,6.4149,1.60,1.00
2009.05.27 14:20:18.081,6.4104,6.4149,1.60,1.00
2009.05.27 14:20:18.840,6.4106,6.41485,1.60,1.60
2009.05.27 14:20:19.250,6.41095,6.41485,1.60,1.60
2009.05.27 14:20:19.640,6.41095,6.41495,1.60,1.60
2009.05.27 14:20:20.880,6.4108,6.41495,1.60,1.60
2009.05.27 14:20:21.110,6.4108,6.4148,1.60,1.60
2009.05.27 14:20:22.370,6.41095,6.4148,1.60,1.60
2009.05.27 14:20:22.839,6.41095,6.415,1.60,1.60
2009.05.27 14:20:23.229,6.41095,6.4148,1.60,1.60
2009.05.27 14:20:23.459,6.41075,6.4148,1.60,1.60
2009.05.27 14:20:23.699,6.4106,6.4148,1.60,1.60
2009.05.27 14:20:24.029,6.4106,6.4146,1.60,1.60
2009.05.27 14:20:24.509,6.41075,6.4146,1.60,1.60
2009.05.27 14:20:24.989,6.41075,6.4148,1.60,1.60
2009.05.27 14:20:28.658,6.41075,6.4146,1.60,1.60
2009.05.27 14:20:29.028,6.41075,6.4148,1.60,1.60
2009.05.27 14:20:29.268,6.4106,6.4148,1.60,1.60
2009.05.27 14:20:29.558,6.41075,6.4146,1.60,1.60
2009.05.27 14:20:30.018,6.4103,6.41435,1.60,1.60
2009.05.27 14:20:31.328,6.4101,6.41435,1.60,1.60
2009.05.27 14:20:31.557,6.4101,6.41415,1.60,1.60
2009.05.27 14:20:31.887,6.40985,6.4139,1.60,1.60
2009.05.27 14:20:32.067,6.41005,6.4139,1.60,1.60
2009.05.27 14:20:32.287,6.41005,6.41405,1.60,1.60
2009.05.27 14:20:33.717,6.41045,6.41405,1.60,1.60
2009.05.27 14:20:34.127,6.41045,6.4145,1.60,1.60
2009.05.27 14:20:35.147,6.41045,6.4144,1.60,1.60
2009.05.27 14:20:35.446,6.41035,6.4144,1.60,1.60
2009.05.27 14:20:40.405,6.41005,6.4144,1.60,1.60
2009.05.27 14:20:40.685,6.41005,6.4141,1.60,1.60
2009.05.27 14:20:41.795,6.41,6.4141,1.60,1.60
2009.05.27 14:20:42.075,6.41,6.41445,1.60,1.60
2009.05.27 14:20:42.305,6.41035,6.41405,1.60,1.60
2009.05.27 14:20:42.645,6.41,6.4144,1.60,1.60
2009.05.27 14:20:45.354,6.41,6.41445,1.60,1.60
2009.05.27 14:20:45.704,6.4104,6.41445,1.60,1.60
2009.05.27 14:20:45.874,6.41,6.41445,1.60,1.60
2009.05.27 14:20:46.623,6.4104,6.41445,1.60,1.60
2009.05.27 14:20:48.573,6.41045,6.41445,1.60,1.60
2009.05.27 14:20:48.913,6.41045,6.41495,1.60,1.60
2009.05.27 14:20:49.363,6.41085,6.41495,1.60,1.60
2009.05.27 14:20:50.103,6.4109,6.41495,1.60,1.60
2009.05.27 14:20:50.443,6.4109,6.4154,1.60,1.60
2009.05.27 14:20:50.923,6.41085,6.4154,1.60,1.60
2009.05.27 14:20:51.573,6.4113,6.4158,1.60,1.60
2009.05.27 14:20:51.922,6.4118,6.41535,1.60,1.60
2009.05.27 14:20:52.322,6.4118,6.4163,1.60,2.40
2009.05.27 14:20:52.612,6.41135,6.4162,1.60,1.00
2009.05.27 14:20:52.842,6.41135,6.41585,1.60,1.60
2009.05.27 14:20:53.302,6.4114,6.41585,1.60,1.60
2009.05.27 14:20:53.653,6.4114,6.41545,1.60,1.60
2009.05.27 14:20:55.012,6.4109,6.41545,1.60,1.60
2009.05.27 14:20:55.512,6.4109,6.41535,1.60,1.60
2009.05.27 14:20:56.821,6.41095,6.415,1.60,1.60
2009.05.27 14:20:59.231,6.4109,6.415,1.60,1.60
2009.05.27 14:20:59.460,6.4113,6.4154,1.60,1.60
2009.05.27 14:21:00.320,6.4105,6.4154,1.60,1.60
2009.05.27 14:21:00.670,6.4113,6.4154,1.60,1.60
2009.05.27 14:21:01.010,6.41135,6.41585,1.60,1.60
2009.05.27 14:21:01.240,6.41175,6.41585,1.60,1.60
2009.05.27 14:21:02.839,6.4118,6.41585,1.60,1.60
2009.05.27 14:21:03.120,6.4118,6.4163,1.60,1.60
2009.05.27 14:21:04.010,6.41215,6.4163,1.60,1.60
2009.05.27 14:21:04.360,6.41215,6.4162,1.60,1.60
2009.05.27 14:21:05.229,6.41195,6.41595,1.60,1.60
2009.05.27 14:21:05.409,6.4121,6.41615,1.60,1.60
2009.05.27 14:21:06.219,6.41195,6.41595,1.60,1.60
2009.05.27 14:21:07.829,6.41175,6.41595,1.60,1.60
2009.05.27 14:21:08.398,6.41175,6.4158,1.60,1.60
2009.05.27 14:21:09.858,6.41145,6.4155,1.60,1.60
2009.05.27 14:21:11.647,6.4113,6.41535,1.60,1.60
2009.05.27 14:21:14.417,6.411,6.41505,1.60,1.60
2009.05.27 14:21:15.287,6.4112,6.41525,1.60,1.60
2009.05.27 14:21:19.046,6.41145,6.41525,1.60,1.60
2009.05.27 14:21:19.396,6.41145,6.4155,1.60,1.60
2009.05.27 14:21:20.675,6.41165,6.4157,1.60,1.60
2009.05.27 14:21:20.956,6.41145,6.4157,1.60,1.60
2009.05.27 14:21:21.255,6.41145,6.4155,1.60,1.60
2009.05.27 14:21:23.625,6.411,6.4155,1.60,1.60
2009.05.27 14:21:23.805,6.411,6.41505,1.60,1.60
2009.05.27 14:21:24.035,6.41085,6.41505,1.60,1.60
2009.05.27 14:21:24.265,6.41085,6.41485,1.60,1.60
2009.05.27 14:21:24.555,6.41055,6.41485,1.60,1.60
2009.05.27 14:21:24.906,6.411,6.4146,1.60,1.60
2009.05.27 14:21:25.255,6.41085,6.41505,1.60,1.60
2009.05.27 14:21:25.594,6.41085,6.41485,1.60,1.60
2009.05.27 14:21:26.634,6.41065,6.41485,1.60,1.60
2009.05.27 14:21:27.314,6.4106,6.41485,1.60,1.60
2009.05.27 14:21:27.654,6.4106,6.4146,1.60,1.60
2009.05.27 14:21:27.994,6.41075,6.41475,1.60,1.60
2009.05.27 14:21:28.223,6.41055,6.4146,1.60,1.60
2009.05.27 14:21:30.193,6.41075,6.4148,1.60,1.60
2009.05.27 14:21:31.403,6.411,6.4148,1.60,1.60
2009.05.27 14:21:31.583,6.411,6.41505,1.60,1.60
2009.05.27 14:21:33.112,6.41085,6.41505,1.60,1.60
2009.05.27 14:21:33.632,6.41055,6.41485,1.60,1.60
2009.05.27 14:21:33.923,6.41055,6.4146,1.60,1.60
2009.05.27 14:21:34.882,6.411,6.41485,1.60,1.60
2009.05.27 14:21:35.172,6.41085,6.415,1.60,1.60
2009.05.27 14:21:35.452,6.4108,6.4155,1.60,1.60
2009.05.27 14:21:35.862,6.4104,6.415,1.60,1.60
2009.05.27 14:21:36.152,6.4104,6.41445,1.60,1.60
2009.05.27 14:21:36.802,6.41055,6.41445,1.60,1.60
2009.05.27 14:21:37.092,6.41055,6.4146,1.60,1.60
2009.05.27 14:21:38.391,6.41035,6.4146,1.60,1.60
2009.05.27 14:21:38.691,6.41035,6.4144,1.60,1.60
2009.05.27 14:21:39.381,6.4101,6.4144,1.60,1.60
2009.05.27 14:21:39.901,6.4101,6.41415,1.60,1.60
2009.05.27 14:21:40.140,6.41025,6.41415,1.60,1.60
2009.05.27 14:21:40.421,6.4101,6.4143,1.60,1.60
2009.05.27 14:21:40.941,6.4101,6.41415,1.60,1.60
2009.05.27 14:21:41.170,6.41025,6.41415,1.60,1.60
2009.05.27 14:21:41.520,6.41025,6.4143,1.60,1.60
2009.05.27 14:21:42.060,6.4101,6.4143,1.60,1.60
2009.05.27 14:21:42.360,6.4099,6.41415,1.60,1.60
2009.05.27 14:21:42.880,6.4099,6.41395,1.60,1.60
2009.05.27 14:21:43.240,6.41015,6.41395,1.60,1.60
2009.05.27 14:21:43.830,6.41025,6.41415,1.60,1.60
2009.05.27 14:21:44.170,6.41055,6.4146,1.60,1.60
2009.05.27 14:21:45.309,6.41075,6.4146,1.60,1.60
2009.05.27 14:21:45.820,6.411,6.4148,1.60,1.60
2009.05.27 14:21:46.169,6.411,6.41505,1.60,1.60
2009.05.27 14:21:47.089,6.41075,6.41495,1.60,1.60
2009.05.27 14:21:47.739,6.4106,6.41495,1.60,1.60
2009.05.27 14:21:47.979,6.41075,6.4146,1.60,1.60
2009.05.27 14:21:48.249,6.411,6.41475,1.60,1.60
2009.05.27 14:21:48.949,6.41075,6.41505,1.60,1.60
2009.05.27 14:21:49.247,6.411,6.41505,1.60,1.60
2009.05.27 14:21:50.235,6.4115,6.41505,1.60,1.60
2009.05.27 14:21:50.475,6.41235,6.41575,1.60,1.60
2009.05.27 14:21:51.115,6.41235,6.41635,1.60,1.60
2009.05.27 14:21:51.394,6.4125,6.4167,1.60,1.60
2009.05.27 14:21:51.964,6.4122,6.41645,1.60,1.60
2009.05.27 14:21:52.194,6.4122,6.41625,1.60,1.60
2009.05.27 14:21:52.604,6.41245,6.41625,1.60,1.60
2009.05.27 14:21:53.114,6.4122,6.41645,1.60,1.60
2009.05.27 14:21:53.454,6.4122,6.41625,1.60,1.60
2009.05.27 14:21:53.854,6.41195,6.4158,1.60,1.60
2009.05.27 14:21:54.204,6.41195,6.41595,1.60,1.60
2009.05.27 14:21:55.133,6.41255,6.41595,1.60,1.60
2009.05.27 14:21:55.793,6.4128,6.41685,1.60,1.60
2009.05.27 14:21:56.023,6.4124,6.41685,1.60,1.60
2009.05.27 14:21:56.503,6.4122,6.41645,1.60,1.60
2009.05.27 14:21:56.843,6.4124,6.4166,1.60,1.60
2009.05.27 14:21:57.213,6.4124,6.41645,1.60,1.60
2009.05.27 14:21:57.553,6.41265,6.41775,1.80,1.60
2009.05.27 14:21:57.843,6.41295,6.4179,1.60,1.60
2009.05.27 14:21:58.163,6.41295,6.4182,1.60,1.60
2009.05.27 14:21:58.453,6.41305,6.41785,1.60,1.60
2009.05.27 14:21:58.753,6.41305,6.4178,1.60,1.60
2009.05.27 14:21:59.453,6.41375,6.4178,1.80,1.60
2009.05.27 14:22:00.212,6.41415,6.419,1.80,1.60
2009.05.27 14:22:00.552,6.41415,6.4192,1.80,1.60
2009.05.27 14:22:00.882,6.41435,6.41985,1.80,1.60
2009.05.27 14:22:01.122,6.41435,6.4198,1.80,1.60
2009.05.27 14:22:01.422,6.41435,6.41965,1.80,1.60
2009.05.27 14:22:01.952,6.41445,6.41945,1.60,1.60
2009.05.27 14:22:02.232,6.41455,6.41945,1.60,1.60
2009.05.27 14:22:02.642,6.4147,6.41945,1.60,1.60
2009.05.27 14:22:03.162,6.41455,6.4214,1.60,2.80
2009.05.27 14:22:03.462,6.4153,6.42035,1.80,1.60
2009.05.27 14:22:05.131,6.4151,6.42015,1.60,1.60
2009.05.27 14:22:05.471,6.41525,6.41995,1.60,1.60
2009.05.27 14:22:05.811,6.41525,6.42015,1.60,1.60
2009.05.27 14:22:06.231,6.41535,6.41995,1.60,1.60
2009.05.27 14:22:06.551,6.41525,6.41995,1.60,1.60
2009.05.27 14:22:07.470,6.41525,6.41965,1.60,1.60
2009.05.27 14:22:07.870,6.41575,6.41985,1.60,1.60
2009.05.27 14:22:08.220,6.4158,6.41995,1.60,1.60
2009.05.27 14:22:08.570,6.4157,6.41995,1.60,1.60
2009.05.27 14:22:09.210,6.41565,6.41995,1.60,1.60
2009.05.27 14:22:09.510,6.41565,6.4197,1.60,1.60
2009.05.27 14:22:12.039,6.41635,6.4206,1.60,1.60
2009.05.27 14:22:12.499,6.41655,6.4204,1.60,1.60
2009.05.27 14:22:12.669,6.41655,6.4206,1.60,1.60
2009.05.27 14:22:13.019,6.41715,6.4206,1.60,1.60
2009.05.27 14:22:13.529,6.41715,6.4212,1.60,1.60
2009.05.27 14:22:14.229,6.41745,6.4212,1.60,1.60
2009.05.27 14:22:14.459,6.4172,6.4215,1.60,1.60
2009.05.27 14:22:15.049,6.41765,6.42165,1.60,1.60
2009.05.27 14:22:15.398,6.4177,6.42255,1.60,1.60
2009.05.27 14:22:15.748,6.4177,6.42245,1.60,1.60
2009.05.27 14:22:16.048,6.4178,6.42245,1.60,1.60
2009.05.27 14:22:16.458,6.4178,6.4226,1.60,1.60
2009.05.27 14:22:16.788,6.4178,6.4226,3.40,1.60
2009.05.27 14:22:17.068,6.4181,6.4226,1.60,1.60
2009.05.27 14:22:17.459,6.4181,6.4229,1.60,1.60
2009.05.27 14:22:17.798,6.41825,6.4231,1.60,1.60
2009.05.27 14:22:18.377,6.41825,6.42275,1.60,1.60
2009.05.27 14:22:18.718,6.41845,6.4229,1.60,1.60
2009.05.27 14:22:19.008,6.4186,6.4231,1.60,1.60
2009.05.27 14:22:19.817,6.4182,6.4229,1.60,1.60
2009.05.27 14:22:20.087,6.4182,6.4223,1.60,1.60
2009.05.27 14:22:20.427,6.41895,6.4223,1.60,1.60
2009.05.27 14:22:20.717,6.41895,6.423,1.60,1.60
2009.05.27 14:22:21.047,6.4182,6.42245,1.60,1.60
2009.05.27 14:22:21.337,6.4181,6.422,1.80,1.60
2009.05.27 14:22:21.687,6.41775,6.422,1.60,1.60
2009.05.27 14:22:22.117,6.41775,6.4218,1.60,1.60
2009.05.27 14:22:22.457,6.4179,6.4215,1.60,1.60
2009.05.27 14:22:22.807,6.4179,6.422,1.60,1.60
2009.05.27 14:22:23.496,6.41745,6.4218,1.60,1.60
2009.05.27 14:22:23.717,6.41755,6.4215,1.60,1.60
2009.05.27 14:22:24.007,6.41755,6.4218,1.60,1.60
2009.05.27 14:22:24.286,6.41765,6.4218,1.60,1.60
2009.05.27 14:22:24.516,6.4173,6.4217,1.60,1.60
2009.05.27 14:22:24.916,6.4173,6.42135,1.60,1.60
2009.05.27 14:22:25.417,6.41745,6.42135,1.60,1.60
2009.05.27 14:22:25.816,6.41685,6.42135,1.60,1.60
2009.05.27 14:22:25.996,6.417,6.4209,1.60,1.60
2009.05.27 14:22:26.346,6.417,6.42105,1.60,1.60
2009.05.27 14:22:26.646,6.41685,6.42105,1.60,1.60
2009.05.27 14:22:27.006,6.41685,6.42085,1.60,1.60
2009.05.27 14:22:27.476,6.41655,6.4206,1.60,1.60
