2016.12.26 15:00:00.238,8.67203,8.69907,1.00,1.00
2016.12.26 15:00:08.063,8.67203,8.69908,1.00,1.00
2016.12.26 15:00:11.514,8.67203,8.69907,1.00,1.00
2016.12.26 15:00:12.024,8.67203,8.69908,1.00,1.00
2016.12.26 15:00:15.062,8.67203,8.69907,1.00,1.00
2016.12.26 15:00:15.739,8.67203,8.69927,1.00,1.00
2016.12.26 15:00:15.797,8.67203,8.69898,1.00,1.00
2016.12.26 15:00:16.333,8.67203,8.69887,1.00,1.00
2016.12.26 15:00:24.687,8.67242,8.69888,0.75,1.00
2016.12.26 15:00:29.193,8.67193,8.69888,1.00,1.00
2016.12.26 15:00:29.394,8.67242,8.69887,1.00,1.00
2016.12.26 15:00:30.395,8.67194,8.69887,1.00,1.00
2016.12.26 15:00:50.677,8.67192,8.69948,1.00,1.00
2016.12.26 15:00:54.436,8.67243,8.69948,0.75,1.00
2016.12.26 15:00:54.981,8.67193,8.69948,1.00,1.00
2016.12.26 15:00:55.166,8.67193,8.69957,1.00,1.00
2016.12.26 15:00:55.438,8.67282,8.69988,1.00,1.50
2016.12.26 15:00:56.110,8.67283,8.69987,1.00,1.50
2016.12.26 15:00:57.314,8.67283,8.69988,0.75,1.50
2016.12.26 15:00:57.742,8.67222,8.69988,1.00,2.25
2016.12.26 15:01:00.577,8.67222,8.69987,1.00,1.50
2016.12.26 15:01:01.120,8.67222,8.69988,1.00,2.25
2016.12.26 15:01:02.358,8.67222,8.69987,1.00,1.00
2016.12.26 15:01:03.055,8.67222,8.69988,1.00,1.50
2016.12.26 15:01:05.327,8.67222,8.69987,1.00,1.00
2016.12.26 15:01:06.082,8.67222,8.69988,1.00,2.25
2016.12.26 15:01:07.102,8.67283,8.69988,0.75,1.50
2016.12.26 15:01:12.372,8.67203,8.69968,1.00,1.00
2016.12.26 15:01:12.668,8.67253,8.69988,1.00,1.50
2016.12.26 15:01:16.201,8.67292,8.69987,0.75,1.50
2016.12.26 15:01:17.399,8.67242,8.69987,1.00,1.50
2016.12.26 15:01:25.263,8.67242,8.69988,0.75,1.50
2016.12.26 15:01:29.262,8.67242,8.69987,0.75,1.50
2016.12.26 15:01:29.399,8.67192,8.69968,1.00,1.00
2016.12.26 15:01:29.700,8.67242,8.69988,1.00,1.50
2016.12.26 15:01:31.085,8.67242,8.69987,1.00,1.00
2016.12.26 15:01:33.806,8.67242,8.69988,1.00,1.50
2016.12.26 15:01:36.646,8.67262,8.69988,1.00,1.50
2016.12.26 15:01:37.136,8.67272,8.69988,1.00,1.50
2016.12.26 15:01:41.762,8.67272,8.69987,1.00,1.50
2016.12.26 15:01:42.330,8.67272,8.69988,1.00,1.50
2016.12.26 15:01:43.012,8.67272,8.69987,1.00,1.50
2016.12.26 15:01:49.766,8.67272,8.69988,1.00,1.50
2016.12.26 15:01:55.787,8.67272,8.69987,1.00,1.50
2016.12.26 15:01:56.792,8.67272,8.69988,1.00,1.50
2016.12.26 15:02:08.117,8.67272,8.69987,1.00,1.50
2016.12.26 15:02:15.742,8.67272,8.69988,1.00,1.50
2016.12.26 15:02:22.766,8.67272,8.69987,1.00,1.50
2016.12.26 15:02:24.063,8.67272,8.69988,1.00,1.50
2016.12.26 15:02:26.512,8.67272,8.69987,1.00,1.50
2016.12.26 15:02:27.512,8.67272,8.69988,1.00,1.50
2016.12.26 15:02:28.117,8.67272,8.69987,1.00,1.50
2016.12.26 15:02:33.767,8.67272,8.69988,1.00,1.50
2016.12.26 15:02:36.808,8.67132,8.69988,1.50,1.50
2016.12.26 15:02:42.323,8.67117,8.69987,1.00,1.50
2016.12.26 15:02:42.374,8.66976,8.69988,1.00,1.50
2016.12.26 15:02:42.475,8.67243,8.69987,1.00,1.50
2016.12.26 15:02:47.312,8.67243,8.69988,0.75,1.50
2016.12.26 15:02:47.633,8.67283,8.69987,0.75,1.50
2016.12.26 15:02:48.532,8.67283,8.69988,0.75,1.50
2016.12.26 15:02:48.634,8.67222,8.69988,1.00,2.25
2016.12.26 15:02:48.935,8.67262,8.69988,1.00,1.50
2016.12.26 15:02:53.742,8.67222,8.69988,1.00,2.25
2016.12.26 15:02:53.941,8.67282,8.69987,0.75,1.50
2016.12.26 15:02:54.945,8.67222,8.69987,1.00,1.50
2016.12.26 15:02:55.245,8.67262,8.69988,1.00,1.50
2016.12.26 15:02:57.749,8.67222,8.69988,1.00,2.25
2016.12.26 15:02:57.950,8.67283,8.69988,0.75,1.50
2016.12.26 15:02:58.951,8.67222,8.69988,1.00,2.25
2016.12.26 15:02:59.152,8.67282,8.69988,0.75,1.50
2016.12.26 15:03:00.153,8.67222,8.69988,1.00,2.25
2016.12.26 15:03:00.454,8.67262,8.69988,1.00,1.50
2016.12.26 15:03:05.661,8.67222,8.69987,1.00,1.00
2016.12.26 15:03:05.961,8.67283,8.69988,0.75,1.50
2016.12.26 15:03:06.863,8.67223,8.69988,1.00,2.25
2016.12.26 15:03:07.187,8.67283,8.69988,0.75,1.50
2016.12.26 15:03:08.168,8.67222,8.69988,1.00,2.25
2016.12.26 15:03:08.366,8.67262,8.69988,1.00,1.50
2016.12.26 15:03:10.563,8.67262,8.69987,0.75,1.50
2016.12.26 15:03:10.671,8.67222,8.69987,1.00,1.50
2016.12.26 15:03:10.881,8.67262,8.69988,1.00,1.50
2016.12.26 15:03:13.675,8.67222,8.69988,1.00,2.25
2016.12.26 15:03:13.975,8.67282,8.69987,0.75,1.50
2016.12.26 15:03:14.813,8.67282,8.69988,0.75,1.50
2016.12.26 15:03:14.976,8.67222,8.69987,1.00,1.00
2016.12.26 15:03:15.177,8.67263,8.69988,0.75,1.50
2016.12.26 15:03:28.118,8.67263,8.69987,1.00,1.50
2016.12.26 15:03:33.541,8.67263,8.69988,0.75,1.50
2016.12.26 15:03:33.622,8.67222,8.69988,1.00,2.25
2016.12.26 15:03:34.023,8.67282,8.69988,0.75,1.50
2016.12.26 15:03:34.763,8.67282,8.69987,0.75,1.50
2016.12.26 15:03:41.294,8.67282,8.69988,0.75,1.50
2016.12.26 15:03:41.345,8.67222,8.69988,1.00,2.25
2016.12.26 15:03:41.484,8.67282,8.69988,0.75,1.50
2016.12.26 15:03:42.313,8.67282,8.69987,0.75,1.50
2016.12.26 15:03:42.442,8.67223,8.69987,1.00,2.25
2016.12.26 15:03:42.664,8.67282,8.69988,0.75,1.50
2016.12.26 15:03:43.644,8.67223,8.69987,1.00,1.00
2016.12.26 15:03:43.944,8.67263,8.69988,0.75,1.50
2016.12.26 15:03:45.147,8.67222,8.69988,1.00,2.25
2016.12.26 15:03:45.447,8.67282,8.69988,0.75,1.50
2016.12.26 15:03:46.496,8.67222,8.69988,1.00,2.25
2016.12.26 15:03:46.649,8.67282,8.69988,0.75,1.50
2016.12.26 15:03:48.115,8.67282,8.69987,0.75,1.50
2016.12.26 15:03:52.563,8.67282,8.69988,0.75,1.50
2016.12.26 15:03:52.659,8.67223,8.69987,1.00,1.00
2016.12.26 15:03:52.863,8.67262,8.69988,1.00,1.50
2016.12.26 15:04:02.878,8.67182,8.69958,1.00,1.00
2016.12.26 15:04:03.180,8.67242,8.69988,1.00,1.50
2016.12.26 15:04:04.181,8.67182,8.69958,1.00,1.00
2016.12.26 15:04:04.381,8.67242,8.69988,1.00,1.50
2016.12.26 15:04:14.265,8.67242,8.69987,0.75,1.50
2016.12.26 15:04:14.530,8.67182,8.69958,1.00,1.00
2016.12.26 15:04:14.702,8.67243,8.69987,1.00,1.50
2016.12.26 15:04:15.563,8.67243,8.69988,0.75,1.50
2016.12.26 15:04:16.907,8.67183,8.69956,1.00,1.00
2016.12.26 15:04:17.208,8.67242,8.69988,1.00,1.50
2016.12.26 15:04:18.209,8.67183,8.69957,1.00,1.00
2016.12.26 15:04:18.416,8.67242,8.69987,1.00,1.50
2016.12.26 15:04:19.313,8.67242,8.69988,0.75,1.50
2016.12.26 15:04:19.412,8.67182,8.69957,1.00,1.00
2016.12.26 15:04:19.712,8.67243,8.69988,1.00,1.50
2016.12.26 15:04:21.916,8.67183,8.69958,1.00,1.00
2016.12.26 15:04:22.418,8.67244,8.69988,1.00,1.50
2016.12.26 15:04:24.644,8.67182,8.69958,1.00,1.00
2016.12.26 15:04:25.423,8.67242,8.69988,1.00,1.50
2016.12.26 15:04:29.932,8.67183,8.69958,1.00,1.00
2016.12.26 15:04:34.280,8.67243,8.69988,0.75,1.50
2016.12.26 15:04:45.661,8.67193,8.69958,1.00,1.00
2016.12.26 15:04:45.862,8.67233,8.69988,1.00,1.50
2016.12.26 15:04:59.387,8.67183,8.69958,1.00,1.00
2016.12.26 15:04:59.689,8.67232,8.69987,1.00,1.50
2016.12.26 15:05:02.313,8.67232,8.69988,0.75,1.50
2016.12.26 15:05:02.425,8.67182,8.69958,1.00,1.00
2016.12.26 15:05:02.709,8.67242,8.69988,1.00,1.50
2016.12.26 15:05:03.711,8.67182,8.69958,1.00,1.00
2016.12.26 15:05:03.911,8.67242,8.69987,1.00,1.50
2016.12.26 15:05:04.812,8.67242,8.69988,0.75,1.50
2016.12.26 15:05:04.914,8.67183,8.69958,1.00,1.00
2016.12.26 15:05:05.216,8.67243,8.69988,1.00,1.50
2016.12.26 15:05:12.629,8.67192,8.69967,1.00,1.00
2016.12.26 15:05:12.930,8.67254,8.69988,1.00,1.50
2016.12.26 15:05:15.236,8.67183,8.69958,1.00,1.00
2016.12.26 15:05:15.738,8.67253,8.69988,0.75,1.50
2016.12.26 15:05:20.647,8.67193,8.69968,1.00,1.00
2016.12.26 15:05:33.774,8.67252,8.69988,1.00,1.50
2016.12.26 15:05:38.725,8.67194,8.69967,1.00,1.00
2016.12.26 15:05:47.697,8.67244,8.69988,1.00,1.50
2016.12.26 15:05:48.598,8.67183,8.69956,1.00,1.00
2016.12.26 15:06:00.848,8.67233,8.69988,1.00,1.50
2016.12.26 15:06:13.013,8.67233,8.69987,1.00,1.50
2016.12.26 15:06:15.763,8.67233,8.69988,0.75,1.50
2016.12.26 15:06:15.950,8.67193,8.69958,1.00,1.00
2016.12.26 15:06:16.151,8.67253,8.69988,0.75,1.50
2016.12.26 15:06:17.024,8.67253,8.69987,0.75,1.50
2016.12.26 15:06:17.187,8.67163,8.69898,1.00,1.00
2016.12.26 15:06:17.296,8.67163,8.69887,1.00,1.00
2016.12.26 15:06:18.369,8.67102,8.69878,1.00,1.00
2016.12.26 15:06:18.663,8.67153,8.69887,1.00,1.00
2016.12.26 15:06:19.858,8.67102,8.69868,1.00,1.00
2016.12.26 15:06:20.158,8.67143,8.69888,1.00,1.00
2016.12.26 15:06:32.998,8.67193,8.69888,1.00,1.00
2016.12.26 15:06:35.494,8.67142,8.69888,1.00,1.00
2016.12.26 15:06:47.216,8.67143,8.69828,1.00,1.00
2016.12.26 15:06:47.545,8.67143,8.69828,1.00,1.45
2016.12.26 15:06:53.565,8.67212,8.69828,1.00,1.45
2016.12.26 15:07:00.938,8.67262,8.69828,1.00,1.45
2016.12.26 15:07:04.445,8.67212,8.69828,1.00,1.45
2016.12.26 15:07:04.645,8.67262,8.69828,1.00,1.45
2016.12.26 15:07:05.648,8.67212,8.69828,1.00,1.45
2016.12.26 15:07:06.148,8.67263,8.69828,1.00,1.45
2016.12.26 15:07:07.455,8.67213,8.69828,1.00,1.45
2016.12.26 15:07:07.650,8.67264,8.69828,1.00,1.45
2016.12.26 15:07:11.156,8.67213,8.69828,1.00,1.45
2016.12.26 15:07:21.276,8.67252,8.69828,1.00,1.45
2016.12.26 15:07:23.179,8.67212,8.69827,1.00,1.45
2016.12.26 15:07:23.479,8.67262,8.69828,1.00,1.45
2016.12.26 15:07:24.232,8.67262,8.6979,1.00,2.25
2016.12.26 15:07:24.482,8.67212,8.6979,1.00,2.25
2016.12.26 15:07:24.983,8.67263,8.6979,1.00,2.25
2016.12.26 15:07:25.985,8.67202,8.6979,1.00,2.25
2016.12.26 15:07:26.185,8.67252,8.6979,1.00,2.25
2016.12.26 15:07:27.195,8.67203,8.6979,1.00,2.25
2016.12.26 15:07:39.777,8.67203,8.6981,1.00,2.25
2016.12.26 15:07:40.107,8.67132,8.6981,1.00,2.25
2016.12.26 15:08:04.678,8.67093,8.6981,1.00,2.25
2016.12.26 15:08:04.979,8.67142,8.6981,1.00,2.25
2016.12.26 15:08:05.980,8.67093,8.6981,1.00,2.25
2016.12.26 15:08:06.181,8.67142,8.6981,1.00,2.25
2016.12.26 15:08:07.197,8.67094,8.6981,1.00,2.25
2016.12.26 15:08:12.695,8.67143,8.6981,1.00,2.25
2016.12.26 15:08:14.901,8.67102,8.6981,1.00,2.25
2016.12.26 15:08:15.202,8.67153,8.6981,1.00,2.25
2016.12.26 15:08:17.409,8.67103,8.6981,1.00,2.25
2016.12.26 15:08:31.438,8.67163,8.6981,1.00,2.25
2016.12.26 15:08:36.950,8.67102,8.6981,1.00,2.25
2016.12.26 15:08:37.472,8.67153,8.6981,1.00,2.25
2016.12.26 15:08:38.454,8.67102,8.6981,1.00,2.25
2016.12.26 15:08:47.383,8.67162,8.6981,1.00,2.25
2016.12.26 15:09:29.810,8.67162,8.69809,1.00,2.25
2016.12.26 15:09:47.440,8.66932,8.69809,1.50,2.25
2016.12.26 15:09:48.115,8.66933,8.69809,1.50,2.25
2016.12.26 15:09:50.064,8.66932,8.69809,1.50,2.25
2016.12.26 15:09:51.799,8.66933,8.69809,1.50,2.25
2016.12.26 15:09:54.539,8.66932,8.69809,1.50,2.25
2016.12.26 15:10:25.315,8.66933,8.69809,1.50,2.25
2016.12.26 15:10:25.951,8.66932,8.69809,1.50,2.25
2016.12.26 15:10:27.343,8.66933,8.69809,1.50,2.25
2016.12.26 15:10:28.015,8.66932,8.69809,1.50,2.25
2016.12.26 15:10:37.226,8.66933,8.69809,1.50,2.25
2016.12.26 15:10:38.476,8.66932,8.69809,1.50,2.25
2016.12.26 15:10:40.976,8.66933,8.69809,1.50,2.25
2016.12.26 15:10:41.518,8.66932,8.69809,1.50,2.25
2016.12.26 15:10:51.936,8.66933,8.69809,1.50,2.25
2016.12.26 15:10:53.086,8.66932,8.69809,1.50,2.25
2016.12.26 15:11:00.445,8.66933,8.69809,1.50,2.25
2016.12.26 15:11:01.145,8.66932,8.69809,1.50,2.25
2016.12.26 15:11:02.012,8.66933,8.69809,1.50,2.25
2016.12.26 15:11:02.563,8.66932,8.69809,1.50,2.25
2016.12.26 15:11:07.265,8.66933,8.69809,1.50,2.25
2016.12.26 15:11:08.115,8.66932,8.69809,1.50,2.25
2016.12.26 15:11:13.955,8.66933,8.69809,1.50,2.25
2016.12.26 15:11:14.492,8.66932,8.69809,1.50,2.25
2016.12.26 15:11:18.015,8.66933,8.69809,1.50,2.25
2016.12.26 15:11:18.578,8.66932,8.69809,1.50,2.25
2016.12.26 15:11:19.266,8.66933,8.69809,1.50,2.25
2016.12.26 15:11:19.768,8.66932,8.6981,1.50,2.25
2016.12.26 15:11:21.019,8.66933,8.6981,1.50,2.25
2016.12.26 15:11:22.265,8.66932,8.6981,1.50,2.25
2016.12.26 15:11:26.146,8.66933,8.6981,1.50,2.25
2016.12.26 15:11:27.515,8.66932,8.6981,1.50,2.25
2016.12.26 15:11:30.516,8.66933,8.6981,1.50,2.25
2016.12.26 15:11:31.106,8.66932,8.6981,1.50,2.25
2016.12.26 15:11:31.970,8.66933,8.6981,1.50,2.25
2016.12.26 15:11:32.610,8.66932,8.6981,1.50,2.25
2016.12.26 15:11:34.264,8.66933,8.6981,1.50,2.25
2016.12.26 15:11:35.433,8.66932,8.6981,1.50,2.25
2016.12.26 15:11:39.083,8.66933,8.6981,1.50,2.25
2016.12.26 15:11:39.454,8.66952,8.6981,1.00,2.25
2016.12.26 15:11:39.780,8.67222,8.6981,1.00,2.25
2016.12.26 15:11:40.298,8.67272,8.6981,1.00,2.25
2016.12.26 15:11:40.533,8.67223,8.6981,1.00,2.25
2016.12.26 15:11:56.424,8.67182,8.6981,1.00,2.25
2016.12.26 15:11:56.624,8.67242,8.6981,1.00,2.25
2016.12.26 15:11:57.925,8.67182,8.6981,1.00,2.25
2016.12.26 15:11:58.727,8.67243,8.6981,1.00,2.25
2016.12.26 15:11:59.745,8.67143,8.6981,1.00,2.25
2016.12.26 15:11:59.964,8.67202,8.6981,1.00,2.25
2016.12.26 15:13:00.049,8.6701,8.6981,1.00,2.25
2016.12.26 15:13:01.056,8.66949,8.6981,1.00,2.25
2016.12.26 15:13:03.083,8.66933,8.6981,2.25,2.25
2016.12.26 15:13:04.554,8.66949,8.6981,1.00,2.25
2016.12.26 15:13:07.184,8.66932,8.6981,2.25,2.25
2016.12.26 15:13:07.538,8.6695,8.6981,1.00,2.25
2016.12.26 15:13:08.120,8.66949,8.6981,1.00,2.25
2016.12.26 15:13:09.313,8.66932,8.6981,1.50,2.25
2016.12.26 15:13:09.545,8.6695,8.6981,1.00,2.25
2016.12.26 15:13:10.284,8.66932,8.6981,2.25,2.25
2016.12.26 15:13:11.063,8.6695,8.6981,1.00,2.25
2016.12.26 15:13:12.062,8.66932,8.6981,1.50,2.25
2016.12.26 15:13:12.265,8.66946,8.6981,1.00,2.25
2016.12.26 15:13:13.385,8.66933,8.6981,1.50,2.25
2016.12.26 15:13:13.765,8.66946,8.6981,1.00,2.25
2016.12.26 15:13:16.483,8.66932,8.6981,1.50,2.25
2016.12.26 15:13:16.815,8.66946,8.6981,1.00,2.25
2016.12.26 15:13:19.265,8.66933,8.6981,1.50,2.25
2016.12.26 15:13:19.546,8.66946,8.6981,1.00,2.25
2016.12.26 15:13:19.610,8.66932,8.6981,1.50,2.25
2016.12.26 15:13:19.921,8.66946,8.6981,1.00,2.25
2016.12.26 15:13:22.693,8.66932,8.6981,1.50,2.25
2016.12.26 15:13:23.020,8.66946,8.6981,1.00,2.25
2016.12.26 15:13:25.785,8.66932,8.6981,1.50,2.25
2016.12.26 15:13:26.121,8.66946,8.6981,1.00,2.25
2016.12.26 15:13:28.884,8.66932,8.6981,1.50,2.25
2016.12.26 15:13:29.261,8.66946,8.6981,1.00,2.25
2016.12.26 15:13:31.983,8.66932,8.6981,1.50,2.25
2016.12.26 15:13:32.326,8.66946,8.6981,1.00,2.25
2016.12.26 15:13:35.030,8.66932,8.6981,1.50,2.25
2016.12.26 15:13:35.430,8.66947,8.6981,1.00,2.25
2016.12.26 15:13:35.515,8.66932,8.6981,1.50,2.25
2016.12.26 15:13:35.765,8.66943,8.6981,1.00,2.25
2016.12.26 15:13:38.130,8.66932,8.6981,1.50,2.25
2016.12.26 15:13:38.481,8.66942,8.6981,1.00,2.25
2016.12.26 15:13:41.283,8.66932,8.6981,1.50,2.25
2016.12.26 15:13:41.585,8.66942,8.6981,1.00,2.25
2016.12.26 15:13:42.546,8.66932,8.6981,1.50,2.25
2016.12.26 15:13:42.766,8.6695,8.6981,1.00,2.25
2016.12.26 15:13:44.015,8.66932,8.6981,1.50,2.25
2016.12.26 15:13:44.265,8.66949,8.6981,1.00,2.25
2016.12.26 15:13:44.381,8.66932,8.6981,2.25,2.25
2016.12.26 15:13:44.690,8.66949,8.6981,1.00,2.25
2016.12.26 15:13:46.564,8.66932,8.6981,1.50,2.25
2016.12.26 15:13:46.765,8.66949,8.6981,1.00,2.25
2016.12.26 15:13:47.484,8.66932,8.6981,2.25,2.25
2016.12.26 15:13:48.015,8.66942,8.6981,1.00,2.25
2016.12.26 15:13:50.584,8.66933,8.6981,1.50,2.25
2016.12.26 15:13:50.895,8.66942,8.6981,1.00,2.25
2016.12.26 15:13:53.666,8.66932,8.6981,1.50,2.25
2016.12.26 15:13:54.002,8.66942,8.6981,1.00,2.25
2016.12.26 15:13:56.783,8.66932,8.6981,1.50,2.25
2016.12.26 15:13:57.101,8.66942,8.6981,1.00,2.25
2016.12.26 15:13:59.266,8.66932,8.6981,1.50,2.25
2016.12.26 15:13:59.564,8.66942,8.6981,1.00,2.25
2016.12.26 15:13:59.884,8.66933,8.6981,1.50,2.25
2016.12.26 15:14:00.201,8.66942,8.6981,1.00,2.25
2016.12.26 15:14:02.984,8.66932,8.6981,1.50,2.25
2016.12.26 15:14:03.312,8.66942,8.6981,1.00,2.25
2016.12.26 15:14:04.813,8.66942,8.69809,1.00,2.25
2016.12.26 15:14:06.084,8.66932,8.69809,1.50,2.25
2016.12.26 15:14:06.410,8.66942,8.69809,1.00,2.25
2016.12.26 15:14:09.184,8.66933,8.69809,1.50,2.25
2016.12.26 15:14:09.545,8.66942,8.69809,1.00,2.25
2016.12.26 15:14:12.283,8.66932,8.69809,1.50,2.25
2016.12.26 15:14:12.616,8.66942,8.69809,1.00,2.25
2016.12.26 15:14:15.384,8.66932,8.69809,1.50,2.25
2016.12.26 15:14:15.715,8.66942,8.69809,1.00,2.25
2016.12.26 15:14:17.313,8.66932,8.69809,1.50,2.25
2016.12.26 15:14:17.554,8.66946,8.69809,1.00,2.25
2016.12.26 15:14:18.485,8.66932,8.69809,1.50,2.25
2016.12.26 15:14:19.020,8.66947,8.69809,1.00,2.25
2016.12.26 15:14:21.620,8.66932,8.69809,1.50,2.25
2016.12.26 15:14:21.920,8.66946,8.69809,1.00,2.25
2016.12.26 15:14:24.547,8.66932,8.69809,1.50,2.25
2016.12.26 15:14:25.025,8.66949,8.69809,1.00,2.25
2016.12.26 15:14:25.764,8.66932,8.69809,1.50,2.25
2016.12.26 15:14:26.076,8.6695,8.69809,1.00,2.25
2016.12.26 15:14:27.312,8.66933,8.69809,2.25,2.25
2016.12.26 15:14:27.556,8.66947,8.69809,1.00,2.25
2016.12.26 15:14:27.824,8.66932,8.69809,1.50,2.25
2016.12.26 15:14:28.165,8.66946,8.69809,1.00,2.25
2016.12.26 15:14:30.830,8.66932,8.69809,1.50,2.25
2016.12.26 15:14:31.230,8.66946,8.69809,1.00,2.25
2016.12.26 15:14:31.280,8.66932,8.69809,1.50,2.25
2016.12.26 15:14:31.515,8.66942,8.69809,1.00,2.25
2016.12.26 15:14:33.930,8.66932,8.69809,1.50,2.25
2016.12.26 15:14:34.312,8.66942,8.69809,1.00,2.25
2016.12.26 15:14:37.083,8.66933,8.69809,1.50,2.25
2016.12.26 15:14:37.385,8.66942,8.69809,1.00,2.25
2016.12.26 15:14:38.265,8.66933,8.69809,1.50,2.25
2016.12.26 15:14:38.515,8.66949,8.69809,1.00,2.25
2016.12.26 15:14:39.548,8.66936,8.69809,1.00,2.25
2016.12.26 15:14:40.183,8.66932,8.69809,1.50,2.25
2016.12.26 15:14:40.485,8.66936,8.69809,1.00,2.25
2016.12.26 15:14:42.312,8.66932,8.69809,1.50,2.25
2016.12.26 15:14:42.479,8.67153,8.69809,1.00,2.25
2016.12.26 15:14:49.393,8.67203,8.69809,1.00,2.25
2016.12.26 15:14:50.436,8.67152,8.69809,1.00,2.25
2016.12.26 15:14:50.697,8.67202,8.69809,1.00,2.25
2016.12.26 15:14:51.698,8.67152,8.69809,1.00,2.25
2016.12.26 15:14:53.704,8.67203,8.69809,1.00,2.25
2016.12.26 15:14:59.765,8.67203,8.6981,1.00,2.25
2016.12.26 15:15:54.014,8.66946,8.6981,1.00,2.25
2016.12.26 15:16:08.064,8.66932,8.6981,1.50,2.25
2016.12.26 15:16:08.293,8.66946,8.6981,1.00,2.25
2016.12.26 15:16:11.014,8.66932,8.6981,1.50,2.25
2016.12.26 15:16:11.270,8.66952,8.6981,1.00,2.25
2016.12.26 15:16:12.265,8.66932,8.6981,1.50,2.25
2016.12.26 15:16:13.060,8.66952,8.6981,1.00,2.25
2016.12.26 15:16:14.015,8.66932,8.6981,1.50,2.25
2016.12.26 15:16:14.200,8.67162,8.6981,1.00,2.25
2016.12.26 15:16:21.019,8.67202,8.6981,1.00,2.25
2016.12.26 15:17:02.417,8.67163,8.6981,1.00,2.25
2016.12.26 15:17:05.425,8.67212,8.6981,1.00,2.25
2016.12.26 15:17:06.427,8.67162,8.6981,1.00,2.25
2016.12.26 15:17:06.629,8.67212,8.6981,1.00,2.25
2016.12.26 15:17:08.631,8.67162,8.6981,1.00,2.25
2016.12.26 15:17:12.643,8.67212,8.6981,1.00,2.25
2016.12.26 15:17:13.585,8.67263,8.6981,1.00,2.25
2016.12.26 15:17:16.154,8.67183,8.6981,1.00,2.25
2016.12.26 15:17:16.365,8.67243,8.6981,1.00,2.25
2016.12.26 15:17:17.365,8.67182,8.6981,1.00,2.25
2016.12.26 15:17:17.658,8.67232,8.6981,1.00,2.25
2016.12.26 15:17:44.764,8.67232,8.69809,1.00,2.25
2016.12.26 15:17:54.951,8.67272,8.69809,1.00,2.25
2016.12.26 15:17:57.156,8.67192,8.69809,1.00,2.25
2016.12.26 15:17:57.458,8.67252,8.69809,1.00,2.25
2016.12.26 15:17:58.660,8.67192,8.69809,1.00,2.25
2016.12.26 15:17:59.161,8.67243,8.69809,1.00,2.25
2016.12.26 15:18:00.465,8.67193,8.69809,1.00,2.25
2016.12.26 15:18:00.665,8.67263,8.69809,1.00,2.25
2016.12.26 15:18:16.227,8.67202,8.69809,1.00,2.25
2016.12.26 15:18:16.397,8.67262,8.69809,1.00,2.25
2016.12.26 15:18:17.398,8.67203,8.69809,1.00,2.25
2016.12.26 15:18:17.699,8.67262,8.69809,1.00,2.25
2016.12.26 15:18:18.731,8.67202,8.69809,1.00,2.25
2016.12.26 15:18:18.903,8.67262,8.69809,1.00,2.25
2016.12.26 15:18:19.905,8.67203,8.69809,1.00,2.25
2016.12.26 15:18:20.205,8.67242,8.69809,1.00,2.25
2016.12.26 15:18:25.414,8.67202,8.69809,1.00,2.25
2016.12.26 15:18:25.615,8.67242,8.69809,1.00,2.25
2016.12.26 15:18:28.227,8.67203,8.69809,1.00,2.25
2016.12.26 15:18:28.520,8.67242,8.69809,1.00,2.25
2016.12.26 15:19:10.924,8.67172,8.69809,1.00,2.25
2016.12.26 15:19:14.309,8.67223,8.69809,1.00,2.25
2016.12.26 15:19:16.413,8.67172,8.69809,1.00,2.25
2016.12.26 15:19:38.601,8.67283,8.69809,1.00,2.25
2016.12.26 15:19:44.325,8.67152,8.69809,1.00,2.25
2016.12.26 15:20:04.657,8.67202,8.69809,1.00,2.25
2016.12.26 15:20:09.935,8.67152,8.69809,1.00,2.25
2016.12.26 15:20:10.141,8.67252,8.69809,1.00,2.25
2016.12.26 15:21:10.364,8.66932,8.69809,1.50,2.25
2016.12.26 15:21:24.796,8.66932,8.6981,1.50,2.25
2016.12.26 15:22:08.117,8.66933,8.6981,1.50,2.25
2016.12.26 15:22:28.118,8.66932,8.6981,1.50,2.25
2016.12.26 15:23:28.117,8.66933,8.6981,1.50,2.25
2016.12.26 15:24:08.119,8.66932,8.6981,1.50,2.25
2016.12.26 15:25:54.489,8.67292,8.6981,0.75,2.25
2016.12.26 15:26:05.707,8.67222,8.6981,1.00,2.25
2016.12.26 15:26:06.008,8.67283,8.6981,0.75,2.25
2016.12.26 15:26:07.011,8.67223,8.6981,1.00,2.25
2016.12.26 15:26:07.718,8.67272,8.6981,0.75,2.25
2016.12.26 15:26:08.714,8.67223,8.6981,1.00,2.25
2016.12.26 15:26:09.616,8.67272,8.6981,0.75,2.25
2016.12.26 15:26:10.417,8.67222,8.6981,1.00,2.25
2016.12.26 15:26:10.719,8.67272,8.6981,0.75,2.25
2016.12.26 15:26:11.721,8.67223,8.6981,1.00,2.25
2016.12.26 15:26:11.921,8.67273,8.6981,0.75,2.25
2016.12.26 15:26:14.227,8.67222,8.6981,1.00,2.25
2016.12.26 15:26:16.163,8.67273,8.6981,0.75,2.25
2016.12.26 15:26:17.164,8.67223,8.6981,1.00,2.25
2016.12.26 15:26:17.434,8.67273,8.6981,0.75,2.25
2016.12.26 15:26:18.436,8.67222,8.6981,1.00,2.25
2016.12.26 15:26:19.137,8.67272,8.6981,0.75,2.25
2016.12.26 15:26:38.678,8.67223,8.6981,1.00,2.25
2016.12.26 15:26:38.979,8.67282,8.6981,0.75,2.25
2016.12.26 15:26:39.900,8.67223,8.6981,1.00,2.25
2016.12.26 15:26:41.902,8.67282,8.6981,0.75,2.25
2016.12.26 15:26:42.904,8.67233,8.6981,0.75,2.25
2016.12.26 15:26:43.187,8.67282,8.6981,0.75,2.25
2016.12.26 15:26:44.188,8.67222,8.6981,1.00,2.25
2016.12.26 15:26:44.407,8.67282,8.6981,0.75,2.25
2016.12.26 15:26:50.699,8.67222,8.6981,1.00,2.25
2016.12.26 15:26:50.999,8.67282,8.6981,0.75,2.25
2016.12.26 15:26:52.001,8.67222,8.6981,1.00,2.25
2016.12.26 15:26:52.235,8.67283,8.6981,0.75,2.25
2016.12.26 15:26:53.203,8.67222,8.6981,1.00,2.25
2016.12.26 15:26:53.503,8.67283,8.6981,0.75,2.25
2016.12.26 15:26:54.505,8.67222,8.6981,1.00,2.25
2016.12.26 15:26:54.746,8.67282,8.6981,0.75,2.25
2016.12.26 15:26:55.707,8.67222,8.6981,1.00,2.25
2016.12.26 15:26:55.908,8.67283,8.6981,0.75,2.25
2016.12.26 15:26:56.909,8.67223,8.6981,1.00,2.25
2016.12.26 15:26:57.219,8.67262,8.6982,0.75,0.45
2016.12.26 15:26:57.349,8.67433,8.70187,0.75,1.52
2016.12.26 15:26:58.435,8.67372,8.70128,0.75,1.00
2016.12.26 15:26:58.755,8.67413,8.70176,0.75,1.00
2016.12.26 15:27:58.763,8.67063,8.70188,1.00,2.25
2016.12.26 15:28:00.627,8.66942,8.70188,1.00,2.25
2016.12.26 15:28:00.678,8.67022,8.70188,1.00,2.25
2016.12.26 15:28:01.282,8.66943,8.70188,1.00,2.25
2016.12.26 15:28:01.333,8.67062,8.70188,1.00,2.25
2016.12.26 15:28:01.505,8.66942,8.70188,1.00,2.25
2016.12.26 15:28:01.557,8.66982,8.70188,1.00,2.25
2016.12.26 15:28:02.077,8.67022,8.70188,1.00,2.25
2016.12.26 15:28:02.237,8.66942,8.70188,1.00,2.25
2016.12.26 15:28:02.296,8.67062,8.70188,1.00,2.25
2016.12.26 15:28:02.415,8.66942,8.70188,1.00,2.25
2016.12.26 15:28:02.466,8.66982,8.70188,1.00,2.25
2016.12.26 15:28:02.832,8.67022,8.70188,1.00,2.25
2016.12.26 15:28:05.879,8.66942,8.70188,1.00,2.25
2016.12.26 15:28:05.930,8.67062,8.70188,1.00,2.25
2016.12.26 15:28:09.379,8.66942,8.70188,1.00,2.25
2016.12.26 15:28:09.571,8.67063,8.70188,1.00,2.25
2016.12.26 15:28:12.843,8.66943,8.70188,1.00,2.25
2016.12.26 15:28:12.895,8.67063,8.70188,1.00,2.25
2016.12.26 15:28:15.176,8.67372,8.70128,0.75,1.00
2016.12.26 15:28:15.514,8.67422,8.70177,0.75,1.00
2016.12.26 15:28:20.485,8.67372,8.70138,0.75,1.00
2016.12.26 15:28:20.685,8.67423,8.70176,0.75,1.00
2016.12.26 15:28:51.136,8.67373,8.70128,0.75,1.00
2016.12.26 15:28:51.436,8.67422,8.70178,0.75,1.00
2016.12.26 15:28:52.705,8.67372,8.70128,0.75,1.00
2016.12.26 15:28:53.364,8.67432,8.70188,0.75,3.00
2016.12.26 15:28:54.440,8.67372,8.70127,0.75,1.00
2016.12.26 15:28:54.987,8.67432,8.70188,0.75,2.25
2016.12.26 15:28:57.446,8.67374,8.70137,0.75,1.00
2016.12.26 15:28:57.761,8.67432,8.70188,0.75,2.25
2016.12.26 15:28:58.748,8.67383,8.70148,0.75,1.00
2016.12.26 15:28:59.281,8.67432,8.70188,0.75,2.25
2016.12.26 15:29:06.161,8.67372,8.70128,0.75,1.00
2016.12.26 15:29:06.661,8.67413,8.70178,0.75,1.00
2016.12.26 15:29:12.171,8.67372,8.70127,0.75,1.00
2016.12.26 15:29:12.575,8.67432,8.70187,0.75,1.52
2016.12.26 15:29:13.481,8.67373,8.70126,0.75,1.00
2016.12.26 15:29:13.673,8.67413,8.70177,0.75,1.00
2016.12.26 15:29:14.975,8.67373,8.70127,0.75,1.00
2016.12.26 15:29:15.175,8.67412,8.70178,0.75,1.00
2016.12.26 15:29:17.679,8.67372,8.70128,0.75,1.00
2016.12.26 15:29:18.220,8.67432,8.70188,0.75,3.00
2016.12.26 15:29:18.981,8.67374,8.70127,0.75,1.00
2016.12.26 15:29:19.182,8.67432,8.70188,0.75,3.00
2016.12.26 15:29:20.183,8.67372,8.70128,0.75,1.00
2016.12.26 15:29:20.484,8.67413,8.70178,0.75,1.00
2016.12.26 15:29:21.687,8.67372,8.70128,0.75,1.00
2016.12.26 15:29:22.189,8.67432,8.70187,0.75,1.52
2016.12.26 15:29:22.903,8.67382,8.70138,0.75,1.00
2016.12.26 15:29:23.190,8.67433,8.70186,0.75,1.30
2016.12.26 15:29:24.191,8.67372,8.70128,0.75,1.00
2016.12.26 15:29:25.192,8.67432,8.70187,0.75,1.52
2016.12.26 15:29:26.193,8.67374,8.70127,0.75,1.00
2016.12.26 15:29:26.408,8.67422,8.70188,0.75,3.00
2016.12.26 15:29:27.696,8.67373,8.70127,0.75,1.00
2016.12.26 15:29:28.121,8.67432,8.70187,0.75,1.52
2016.12.26 15:29:32.503,8.67373,8.70138,0.75,1.00
2016.12.26 15:29:32.704,8.67432,8.70188,0.75,2.25
2016.12.26 15:29:33.705,8.67372,8.70127,0.75,1.00
2016.12.26 15:29:34.005,8.67433,8.70188,0.75,3.00
2016.12.26 15:29:35.007,8.67372,8.70127,0.75,1.00
2016.12.26 15:29:35.207,8.67413,8.70177,0.75,1.00
2016.12.26 15:29:38.212,8.67373,8.70127,0.75,1.00
2016.12.26 15:29:38.765,8.67432,8.70188,0.75,3.00
2016.12.26 15:29:39.713,8.67373,8.70138,0.75,1.00
2016.12.26 15:29:40.414,8.67422,8.70178,0.75,1.00
2016.12.26 15:29:41.767,8.67372,8.70138,0.75,1.00
2016.12.26 15:29:41.917,8.67422,8.70178,0.75,1.00
2016.12.26 15:29:48.468,8.67372,8.70137,0.75,1.00
2016.12.26 15:29:48.624,8.67433,8.70188,0.75,2.25
2016.12.26 15:29:51.927,8.67372,8.70138,0.75,1.00
2016.12.26 15:29:52.427,8.67423,8.70176,0.75,1.00
2016.12.26 15:29:53.729,8.67373,8.70137,0.75,1.00
2016.12.26 15:29:53.929,8.67424,8.70177,0.75,1.00
2016.12.26 15:29:55.231,8.67373,8.70137,0.75,1.00
2016.12.26 15:29:55.431,8.67422,8.70177,0.75,1.00
2016.12.26 15:29:56.770,8.67373,8.70136,0.75,1.00
2016.12.26 15:29:57.134,8.67422,8.70177,0.75,1.00
2016.12.26 15:29:58.436,8.67372,8.70128,0.75,1.00
2016.12.26 15:29:58.636,8.67413,8.70178,0.75,1.00
2016.12.26 15:30:58.760,8.67062,8.70188,1.00,2.25
2016.12.26 15:31:23.577,8.66932,8.70188,1.50,2.25
2016.12.26 15:31:23.627,8.67063,8.70188,1.00,2.25
2016.12.26 15:31:23.738,8.66932,8.70188,1.50,2.25
2016.12.26 15:31:23.839,8.67023,8.70188,1.00,2.25
2016.12.26 15:31:24.071,8.66982,8.70188,1.00,2.25
2016.12.26 15:31:24.121,8.67062,8.70188,1.00,2.25
2016.12.26 15:31:27.577,8.66982,8.70188,1.00,2.25
2016.12.26 15:31:27.629,8.67062,8.70188,1.00,2.25
2016.12.26 15:31:27.738,8.66982,8.70188,1.00,2.25
2016.12.26 15:31:27.839,8.67022,8.70188,1.00,2.25
2016.12.26 15:31:28.442,8.66982,8.70188,1.00,2.25
2016.12.26 15:31:28.493,8.67062,8.70188,1.00,2.25
2016.12.26 15:31:28.648,8.66982,8.70188,1.00,2.25
2016.12.26 15:31:28.708,8.67022,8.70188,1.00,2.25
2016.12.26 15:31:29.353,8.66982,8.70188,1.00,2.25
2016.12.26 15:31:29.403,8.67062,8.70188,1.00,2.25
2016.12.26 15:31:29.573,8.66982,8.70188,1.00,2.25
2016.12.26 15:31:29.637,8.67022,8.70188,1.00,2.25
2016.12.26 15:31:33.078,8.66982,8.70188,1.00,2.25
2016.12.26 15:31:33.128,8.67022,8.70188,1.00,2.25
2016.12.26 15:31:36.577,8.66982,8.70188,1.00,2.25
2016.12.26 15:31:36.628,8.67022,8.70188,1.00,2.25
2016.12.26 15:31:40.077,8.66982,8.70188,1.00,2.25
2016.12.26 15:31:40.128,8.67022,8.70188,1.00,2.25
2016.12.26 15:31:40.282,8.66982,8.70188,1.00,2.25
2016.12.26 15:31:40.333,8.67022,8.70188,1.00,2.25
2016.12.26 15:31:43.777,8.66982,8.70188,1.00,2.25
2016.12.26 15:31:43.828,8.67023,8.70188,1.00,2.25
2016.12.26 15:31:43.986,8.66983,8.70188,1.00,2.25
2016.12.26 15:31:44.037,8.67022,8.70188,1.00,2.25
2016.12.26 15:31:47.477,8.66982,8.70188,1.00,2.25
2016.12.26 15:31:47.528,8.67022,8.70188,1.00,2.25
2016.12.26 15:31:47.682,8.66982,8.70188,1.00,2.25
2016.12.26 15:31:47.732,8.67022,8.70188,1.00,2.25
2016.12.26 15:31:51.177,8.66982,8.70188,1.00,2.25
2016.12.26 15:31:51.227,8.67022,8.70188,1.00,2.25
2016.12.26 15:31:51.382,8.66982,8.70188,1.00,2.25
2016.12.26 15:31:51.432,8.67022,8.70188,1.00,2.25
2016.12.26 15:31:54.832,8.66982,8.70188,1.00,2.25
2016.12.26 15:31:54.934,8.67022,8.70188,1.00,2.25
2016.12.26 15:31:55.061,8.66982,8.70188,1.00,2.25
2016.12.26 15:31:55.111,8.67022,8.70188,1.00,2.25
2016.12.26 15:31:58.377,8.66982,8.70188,1.00,2.25
2016.12.26 15:31:58.468,8.67022,8.70188,1.00,2.25
2016.12.26 15:31:58.570,8.66982,8.70188,1.00,2.25
2016.12.26 15:31:58.643,8.67022,8.70188,1.00,2.25
2016.12.26 15:32:01.777,8.66982,8.70188,1.00,2.25
2016.12.26 15:32:01.862,8.67022,8.70188,1.00,2.25
2016.12.26 15:32:01.938,8.66983,8.70188,1.00,2.25
2016.12.26 15:32:01.999,8.67022,8.70188,1.00,2.25
2016.12.26 15:32:02.443,8.66982,8.70188,1.00,2.25
2016.12.26 15:32:02.494,8.67023,8.70188,1.00,2.25
2016.12.26 15:32:04.393,8.67372,8.70128,0.75,1.00
2016.12.26 15:32:04.661,8.67413,8.70177,0.75,1.00
2016.12.26 15:33:04.963,8.67062,8.70188,1.00,2.25
2016.12.26 15:33:09.477,8.66932,8.70188,1.50,2.25
2016.12.26 15:33:09.556,8.67062,8.70188,1.00,2.25
2016.12.26 15:33:16.002,8.67093,8.70188,1.50,2.25
2016.12.26 15:33:16.071,8.67062,8.70188,1.00,2.25
2016.12.26 15:33:25.746,8.67092,8.70188,1.50,2.25
2016.12.26 15:33:25.797,8.67062,8.70188,1.00,2.25
2016.12.26 15:33:36.978,8.66932,8.70188,1.50,2.25
2016.12.26 15:33:37.029,8.67062,8.70188,1.00,2.25
2016.12.26 15:33:40.080,8.66932,8.70188,1.50,2.25
2016.12.26 15:33:40.144,8.67062,8.70188,1.00,2.25
2016.12.26 15:33:43.278,8.66933,8.70188,1.50,2.25
2016.12.26 15:33:43.329,8.67093,8.70188,1.50,2.25
2016.12.26 15:33:43.527,8.67062,8.70188,1.00,2.25
2016.12.26 15:33:46.478,8.66932,8.70188,1.50,2.25
2016.12.26 15:33:46.580,8.67062,8.70188,1.00,2.25
2016.12.26 15:34:02.102,8.67109,8.70188,1.00,2.25
2016.12.26 15:34:17.327,8.67109,8.70187,1.00,2.25
2016.12.26 15:34:20.941,8.67109,8.70148,1.00,1.00
2016.12.26 15:34:21.604,8.67342,8.70098,1.00,1.00
2016.12.26 15:34:25.409,8.67393,8.70147,1.00,1.50
2016.12.26 15:34:29.214,8.67343,8.70108,1.00,1.00
2016.12.26 15:34:30.917,8.67404,8.70148,0.75,1.00
2016.12.26 15:34:32.718,8.67354,8.70107,1.00,1.00
2016.12.26 15:34:33.219,8.67402,8.70148,1.00,1.00
2016.12.26 15:34:34.122,8.67352,8.70108,1.00,1.00
2016.12.26 15:34:34.422,8.67392,8.70148,1.00,1.00
2016.12.26 15:34:35.638,8.67343,8.70098,1.00,1.00
2016.12.26 15:34:35.958,8.67392,8.70148,1.00,1.00
2016.12.26 15:34:39.429,8.67343,8.70098,1.00,1.00
2016.12.26 15:34:45.755,8.67382,8.70148,1.00,1.50
2016.12.26 15:34:46.942,8.67342,8.70098,1.00,1.00
2016.12.26 15:34:50.951,8.67402,8.70148,1.00,1.00
2016.12.26 15:34:52.353,8.67343,8.70108,1.00,1.00
2016.12.26 15:34:52.654,8.67402,8.70148,1.00,1.00
2016.12.26 15:34:53.664,8.67342,8.70098,1.00,1.00
2016.12.26 15:34:53.863,8.67382,8.70148,1.00,1.50
2016.12.26 15:34:55.166,8.67342,8.70097,1.00,1.00
2016.12.26 15:34:56.261,8.67403,8.70148,0.75,1.00
2016.12.26 15:34:59.909,8.67403,8.70157,0.75,1.00
2016.12.26 15:35:01.891,8.67403,8.70147,0.75,1.00
2016.12.26 15:35:04.562,8.67403,8.70148,0.75,1.00
2016.12.26 15:35:05.665,8.67333,8.70087,0.75,1.00
2016.12.26 15:35:05.983,8.67402,8.70148,0.75,1.00
2016.12.26 15:35:07.167,8.67353,8.70108,0.75,1.00
2016.12.26 15:35:09.790,8.67393,8.70148,0.75,1.00
2016.12.26 15:35:10.214,8.67343,8.70098,0.75,1.00
2016.12.26 15:35:10.672,8.67393,8.70147,0.75,1.00
2016.12.26 15:35:11.842,8.67442,8.70147,1.00,1.00
2016.12.26 15:35:12.015,8.67453,8.70527,1.00,1.45
2016.12.26 15:35:12.066,8.67502,8.70527,1.00,1.45
2016.12.26 15:35:12.451,8.67514,8.70234,1.00,0.45
2016.12.26 15:35:12.502,8.67545,8.70998,1.00,1.00
2016.12.26 15:35:12.654,8.68103,8.70998,1.00,1.00
2016.12.26 15:35:12.963,8.68182,8.70948,1.00,0.75
2016.12.26 15:35:13.379,8.68172,8.70948,1.50,0.75
2016.12.26 15:35:13.480,8.67862,8.70948,1.00,1.00
2016.12.26 15:35:13.895,8.67862,8.71008,1.00,1.00
2016.12.26 15:35:14.397,8.67862,8.70957,1.00,1.00
2016.12.26 15:35:14.699,8.67942,8.70957,1.00,1.00
2016.12.26 15:35:14.750,8.67863,8.70957,1.00,1.00
2016.12.26 15:35:14.800,8.67983,8.70958,1.00,1.00
2016.12.26 15:35:15.025,8.67873,8.70958,1.00,1.00
2016.12.26 15:35:15.075,8.68022,8.70958,1.00,1.00
2016.12.26 15:35:15.398,8.68022,8.71008,1.00,1.00
2016.12.26 15:35:15.550,8.67872,8.71008,0.75,1.00
2016.12.26 15:35:15.651,8.67903,8.71008,1.00,1.00
2016.12.26 15:35:15.953,8.68022,8.70957,1.00,1.00
2016.12.26 15:35:16.003,8.67902,8.70957,1.00,1.00
2016.12.26 15:35:16.104,8.68023,8.70956,1.00,1.00
2016.12.26 15:35:16.790,8.68023,8.70957,1.00,1.00
2016.12.26 15:35:17.254,8.67902,8.70957,1.00,1.00
2016.12.26 15:35:17.762,8.67902,8.70958,1.00,1.00
2016.12.26 15:35:17.987,8.67902,8.71017,1.00,1.00
2016.12.26 15:35:18.187,8.67902,8.70957,1.00,1.00
2016.12.26 15:35:18.362,8.67633,8.70957,1.50,1.00
2016.12.26 15:35:18.413,8.67862,8.70957,1.00,1.00
2016.12.26 15:35:18.928,8.67862,8.70958,1.00,1.00
2016.12.26 15:35:19.328,8.67982,8.70958,1.00,1.00
2016.12.26 15:35:19.440,8.67862,8.70957,1.00,1.00
2016.12.26 15:35:19.491,8.68022,8.70958,1.00,1.00
2016.12.26 15:35:19.877,8.67862,8.70958,1.00,1.00
2016.12.26 15:35:19.928,8.68022,8.70958,1.00,1.00
2016.12.26 15:35:35.844,8.68023,8.70958,1.00,0.75
2016.12.26 15:35:36.227,8.68022,8.71007,1.00,1.00
2016.12.26 15:35:36.714,8.68022,8.70948,1.00,1.00
2016.12.26 15:35:37.715,8.68022,8.71008,1.00,1.00
2016.12.26 15:35:38.416,8.68022,8.70948,1.00,1.00
2016.12.26 15:35:39.718,8.68022,8.71007,1.00,1.00
2016.12.26 15:35:39.918,8.68022,8.70947,1.00,1.00
2016.12.26 15:35:40.419,8.68022,8.70948,1.00,1.00
2016.12.26 15:35:40.920,8.68022,8.70997,1.00,1.00
2016.12.26 15:35:41.220,8.68022,8.70947,1.00,1.00
2016.12.26 15:35:41.799,8.68022,8.70948,1.00,1.00
2016.12.26 15:35:42.422,8.68022,8.70996,1.00,1.00
2016.12.26 15:35:42.744,8.68022,8.70927,1.00,1.00
2016.12.26 15:35:43.724,8.68282,8.70998,1.00,1.00
2016.12.26 15:35:44.225,8.68223,8.70927,1.00,1.00
2016.12.26 15:35:45.226,8.68283,8.70996,1.00,1.00
2016.12.26 15:35:45.727,8.68243,8.70947,1.00,1.00
2016.12.26 15:35:48.133,8.68282,8.70998,0.75,1.00
2016.12.26 15:35:48.964,8.68112,8.70818,0.75,0.75
2016.12.26 15:35:49.979,8.68172,8.70887,1.00,1.00
2016.12.26 15:35:50.136,8.68112,8.70827,1.00,0.75
2016.12.26 15:35:51.184,8.68173,8.70887,0.75,1.00
2016.12.26 15:35:51.535,8.68113,8.70826,0.75,0.75
2016.12.26 15:35:52.463,8.68192,8.70907,0.75,1.00
2016.12.26 15:35:52.564,8.68143,8.70858,0.75,1.00
2016.12.26 15:35:52.894,8.68082,8.70788,0.75,0.75
2016.12.26 15:35:53.680,8.68183,8.70886,1.00,1.00
2016.12.26 15:35:54.190,8.68103,8.70816,1.00,0.75
2016.12.26 15:35:54.364,8.68153,8.70866,1.00,1.00
2016.12.26 15:35:55.158,8.68213,8.70928,1.00,1.00
2016.12.26 15:35:55.392,8.68133,8.70846,1.00,1.00
2016.12.26 15:35:56.177,8.68072,8.70787,1.00,0.75
2016.12.26 15:35:56.379,8.68173,8.70888,1.00,1.00
2016.12.26 15:35:56.896,8.68153,8.70867,1.00,1.00
2016.12.26 15:35:57.896,8.68202,8.70917,0.75,1.00
2016.12.26 15:36:00.068,8.68142,8.70857,1.00,1.00
2016.12.26 15:36:00.802,8.68193,8.70907,1.00,1.00
2016.12.26 15:36:13.136,8.68142,8.70858,1.00,1.00
2016.12.26 15:36:14.224,8.68192,8.70907,0.75,1.00
2016.12.26 15:36:16.329,8.68083,8.70797,0.75,0.75
2016.12.26 15:36:16.646,8.68143,8.70857,1.00,1.00
2016.12.26 15:36:17.130,8.68223,8.70938,0.75,1.00
2016.12.26 15:36:17.232,8.68153,8.70868,1.00,1.00
2016.12.26 15:36:17.601,8.68203,8.70918,0.75,1.00
2016.12.26 15:36:20.554,8.67912,8.70518,1.00,0.75
2016.12.26 15:36:23.410,8.67802,8.70518,0.75,0.75
2016.12.26 15:36:45.990,8.67273,8.70426,1.00,0.75
2016.12.26 15:36:46.192,8.67262,8.70428,1.00,0.75
2016.12.26 15:36:46.293,8.67273,8.70426,1.00,0.75
2016.12.26 15:36:46.494,8.67262,8.70428,1.00,0.75
2016.12.26 15:36:46.595,8.67272,8.70428,1.00,0.75
2016.12.26 15:36:46.696,8.67234,8.70427,1.00,0.75
2016.12.26 15:36:46.747,8.67192,8.70478,0.75,0.75
2016.12.26 15:36:46.848,8.67152,8.70428,1.00,0.75
2016.12.26 15:36:48.350,8.67153,8.70427,1.50,0.75
2016.12.26 15:36:48.963,8.67722,8.70488,0.75,0.75
2016.12.26 15:36:49.501,8.67072,8.70538,1.00,0.75
2016.12.26 15:36:49.602,8.67033,8.70538,1.50,0.75
2016.12.26 15:36:50.826,8.67063,8.70538,1.00,0.75
2016.12.26 15:36:51.262,8.67072,8.70538,1.00,0.75
2016.12.26 15:36:52.649,8.67092,8.70538,2.25,0.75
2016.12.26 15:36:52.869,8.67072,8.70537,1.00,0.75
2016.12.26 15:36:55.877,8.67033,8.70538,1.50,0.75
2016.12.26 15:36:56.030,8.67062,8.70538,1.00,0.75
2016.12.26 15:36:56.375,8.67712,8.70478,0.75,0.75
2016.12.26 15:36:56.663,8.67092,8.70558,2.25,0.75
2016.12.26 15:36:57.914,8.67092,8.70678,2.25,0.75
2016.12.26 15:36:58.212,8.67092,8.70608,2.25,0.75
2016.12.26 15:36:58.933,8.67072,8.70608,1.00,0.75
2016.12.26 15:36:59.066,8.67032,8.70607,1.50,0.75
2016.12.26 15:36:59.117,8.67062,8.70607,1.00,0.75
2016.12.26 15:36:59.534,8.67093,8.70608,2.25,0.75
2016.12.26 15:36:59.682,8.67034,8.70607,3.00,0.75
2016.12.26 15:36:59.768,8.67032,8.70607,1.50,0.75
2016.12.26 15:36:59.818,8.67062,8.70607,1.00,0.75
2016.12.26 15:37:00.125,8.67092,8.70607,2.25,0.75
2016.12.26 15:37:00.733,8.67073,8.70607,1.00,0.75
2016.12.26 15:37:00.870,8.67033,8.70608,1.50,0.75
2016.12.26 15:37:00.921,8.67062,8.70608,1.00,0.75
2016.12.26 15:37:01.554,8.67073,8.70608,1.00,0.75
2016.12.26 15:37:02.203,8.67074,8.70517,1.00,0.75
2016.12.26 15:37:02.815,8.67032,8.70518,1.50,0.75
2016.12.26 15:37:02.945,8.67062,8.70518,1.00,0.75
2016.12.26 15:37:03.270,8.67072,8.70518,1.00,0.75
2016.12.26 15:37:03.954,8.67092,8.70518,2.25,0.75
2016.12.26 15:37:04.870,8.67093,8.70518,2.25,0.75
2016.12.26 15:37:05.825,8.67092,8.70518,1.50,0.75
2016.12.26 15:37:05.926,8.67072,8.70518,1.00,0.75
2016.12.26 15:37:06.027,8.67032,8.70517,1.50,0.75
2016.12.26 15:37:06.082,8.67063,8.70517,1.00,0.75
2016.12.26 15:37:06.425,8.67073,8.70518,1.00,0.75
2016.12.26 15:37:06.821,8.67092,8.70518,2.25,0.75
2016.12.26 15:37:08.070,8.67093,8.70518,2.25,0.75
2016.12.26 15:37:08.778,8.67092,8.70518,2.25,0.75
2016.12.26 15:37:09.073,8.67032,8.70517,3.00,0.75
2016.12.26 15:37:09.135,8.67702,8.70467,0.75,0.75
2016.12.26 15:37:09.380,8.67072,8.70528,1.00,0.75
2016.12.26 15:37:09.578,8.67093,8.70528,2.25,0.75
2016.12.26 15:37:11.175,8.67092,8.70528,2.25,0.75
2016.12.26 15:37:12.125,8.67093,8.70528,1.50,0.75
2016.12.26 15:37:12.226,8.67033,8.70527,3.00,0.75
2016.12.26 15:37:12.418,8.67703,8.70458,0.75,0.75
2016.12.26 15:37:12.884,8.67093,8.70528,2.25,0.75
2016.12.26 15:37:14.380,8.67092,8.70528,2.25,0.75
2016.12.26 15:37:15.391,8.67722,8.70487,0.75,0.75
2016.12.26 15:37:15.887,8.67073,8.70538,1.00,0.75
2016.12.26 15:37:18.624,8.67092,8.70538,2.25,0.75
2016.12.26 15:37:18.826,8.67062,8.70538,1.00,0.75
2016.12.26 15:37:18.890,8.67072,8.70538,1.00,0.75
2016.12.26 15:37:20.523,8.67722,8.70488,0.75,0.75
2016.12.26 15:37:20.692,8.67072,8.70528,1.00,0.75
2016.12.26 15:37:21.841,8.67032,8.70528,1.50,0.75
2016.12.26 15:37:21.932,8.67062,8.70528,1.00,0.75
2016.12.26 15:37:22.254,8.67072,8.70528,1.00,0.75
2016.12.26 15:37:22.694,8.67722,8.70488,0.75,0.75
2016.12.26 15:37:22.894,8.67072,8.70548,1.00,0.75
2016.12.26 15:37:24.925,8.67032,8.70547,1.50,0.75
2016.12.26 15:37:25.026,8.67743,8.70508,0.75,0.75
2016.12.26 15:37:31.403,8.67703,8.70458,0.75,0.75
2016.12.26 15:37:31.903,8.67072,8.70528,1.00,0.75
2016.12.26 15:37:34.430,8.67722,8.70478,0.75,0.75
2016.12.26 15:37:35.007,8.67072,8.70527,1.00,0.75
2016.12.26 15:37:37.713,8.67723,8.70478,0.75,0.75
2016.12.26 15:37:38.311,8.67072,8.70528,1.00,0.75
2016.12.26 15:37:40.414,8.67722,8.70478,0.75,0.75
2016.12.26 15:37:40.713,8.67072,8.70527,1.00,0.75
2016.12.26 15:37:40.815,8.67032,8.70528,1.50,0.75
2016.12.26 15:37:40.865,8.67092,8.70528,1.00,0.75
2016.12.26 15:37:41.084,8.67062,8.70528,1.00,0.75
2016.12.26 15:37:41.135,8.67072,8.70528,1.00,0.75
2016.12.26 15:37:41.978,8.67723,8.70486,0.75,0.75
2016.12.26 15:37:42.253,8.67073,8.70528,1.00,0.75
2016.12.26 15:37:44.033,8.67033,8.70528,1.50,0.75
2016.12.26 15:37:44.234,8.67062,8.70528,1.00,0.75
2016.12.26 15:37:44.535,8.67713,8.70468,0.75,0.75
2016.12.26 15:37:44.919,8.67072,8.70528,1.00,0.75
2016.12.26 15:37:47.230,8.67033,8.70527,1.50,0.75
2016.12.26 15:37:47.466,8.67692,8.70458,0.75,0.75
2016.12.26 15:37:47.930,8.67072,8.70528,1.00,0.75
2016.12.26 15:37:50.429,8.67032,8.70528,1.50,0.75
2016.12.26 15:37:50.633,8.67072,8.70528,1.00,0.75
2016.12.26 15:37:53.629,8.67032,8.70528,1.50,0.75
2016.12.26 15:37:53.843,8.67062,8.70528,1.00,0.75
2016.12.26 15:37:54.163,8.67694,8.70457,0.75,0.75
2016.12.26 15:37:54.729,8.67073,8.70546,1.00,0.75
2016.12.26 15:37:55.856,8.67092,8.70546,1.50,0.75
2016.12.26 15:37:56.833,8.67032,8.70548,1.50,0.75
2016.12.26 15:37:56.940,8.66992,8.70547,1.50,0.75
2016.12.26 15:37:56.991,8.67062,8.70547,1.00,0.75
2016.12.26 15:37:57.308,8.67073,8.70548,1.00,0.75
2016.12.26 15:37:57.615,8.67092,8.70548,1.50,0.75
2016.12.26 15:37:58.763,8.67073,8.70548,1.00,0.75
2016.12.26 15:37:59.980,8.66992,8.70548,1.00,0.75
2016.12.26 15:38:00.131,8.67062,8.70548,1.00,0.75
2016.12.26 15:38:00.464,8.67072,8.70548,1.00,0.75
2016.12.26 15:38:01.165,8.67722,8.70488,0.75,0.75
2016.12.26 15:38:04.640,8.67073,8.70548,1.00,0.75
2016.12.26 15:38:06.179,8.66992,8.70547,1.00,0.75
2016.12.26 15:38:06.330,8.67062,8.70547,1.00,0.75
2016.12.26 15:38:06.672,8.67073,8.70548,1.00,0.75
2016.12.26 15:38:09.246,8.67032,8.70547,1.00,0.75
2016.12.26 15:38:09.398,8.67062,8.70548,1.00,0.75
2016.12.26 15:38:09.728,8.67702,8.70458,0.75,0.75
2016.12.26 15:38:09.778,8.67743,8.70508,0.75,0.75
2016.12.26 15:38:12.478,8.67703,8.70456,0.75,0.75
2016.12.26 15:38:12.750,8.67742,8.70507,0.75,0.75
2016.12.26 15:38:15.983,8.67703,8.70458,0.75,0.75
2016.12.26 15:38:16.455,8.67073,8.70527,1.00,0.75
2016.12.26 15:38:18.579,8.66992,8.70528,1.00,0.75
2016.12.26 15:38:18.680,8.67702,8.70458,0.75,0.75
2016.12.26 15:38:19.007,8.67742,8.70507,0.75,0.75
2016.12.26 15:38:24.884,8.67702,8.70458,0.75,0.75
2016.12.26 15:38:25.167,8.67742,8.70507,0.75,0.75
2016.12.26 15:38:28.171,8.67703,8.70457,0.75,0.75
2016.12.26 15:38:28.402,8.67074,8.70517,1.00,0.75
2016.12.26 15:38:31.079,8.66992,8.70517,1.00,0.75
2016.12.26 15:38:31.231,8.67062,8.70518,1.00,0.75
2016.12.26 15:38:31.578,8.67072,8.70518,1.00,0.75
2016.12.26 15:38:34.226,8.66992,8.70518,1.00,0.75
2016.12.26 15:38:34.327,8.67062,8.70518,1.00,0.75
2016.12.26 15:38:34.647,8.67072,8.70518,1.00,0.75
2016.12.26 15:38:37.408,8.66992,8.70518,1.00,0.75
2016.12.26 15:38:37.546,8.67062,8.70517,1.00,0.75
2016.12.26 15:38:38.012,8.67702,8.70458,0.75,0.75
2016.12.26 15:38:38.183,8.67072,8.70528,1.00,0.75
2016.12.26 15:38:40.429,8.67032,8.70527,1.00,0.75
2016.12.26 15:38:40.530,8.66992,8.70527,1.00,0.75
2016.12.26 15:38:40.582,8.67063,8.70527,1.00,0.75
2016.12.26 15:38:40.891,8.67692,8.70457,0.75,0.75
2016.12.26 15:38:41.186,8.67073,8.70528,1.00,0.75
2016.12.26 15:38:43.551,8.66993,8.70527,1.00,0.75
2016.12.26 15:38:43.702,8.67702,8.70458,0.75,0.75
2016.12.26 15:38:43.889,8.67743,8.70508,0.75,0.75
2016.12.26 15:38:49.995,8.67692,8.70457,0.75,0.75
2016.12.26 15:38:50.496,8.67072,8.70527,1.00,0.75
2016.12.26 15:38:52.829,8.67033,8.70527,1.00,0.75
2016.12.26 15:38:52.930,8.66992,8.70527,1.00,0.75
2016.12.26 15:38:52.984,8.67062,8.70527,1.00,0.75
2016.12.26 15:38:53.310,8.67072,8.70528,1.00,0.75
2016.12.26 15:38:55.906,8.67013,8.70528,1.00,0.75
2016.12.26 15:38:56.007,8.66992,8.70527,1.50,0.75
2016.12.26 15:38:56.108,8.67062,8.70527,1.00,0.75
2016.12.26 15:38:56.453,8.67742,8.70508,0.75,0.75
2016.12.26 15:39:02.410,8.67692,8.70457,0.75,0.75
2016.12.26 15:39:02.911,8.67073,8.70548,1.00,0.75
2016.12.26 15:39:04.712,8.67723,8.70487,0.75,0.75
2016.12.26 15:39:29.139,8.67072,8.70548,1.00,0.75
2016.12.26 15:39:30.178,8.66992,8.70547,1.00,0.75
2016.12.26 15:39:30.329,8.67063,8.70548,1.00,0.75
2016.12.26 15:39:30.666,8.67692,8.70457,0.75,0.75
2016.12.26 15:39:30.941,8.67072,8.70528,1.00,0.75
2016.12.26 15:39:33.244,8.66992,8.70528,1.00,0.75
2016.12.26 15:39:33.427,8.67062,8.70527,1.00,0.75
2016.12.26 15:39:33.870,8.67072,8.70527,1.00,0.75
2016.12.26 15:39:36.378,8.66993,8.70528,1.00,0.75
2016.12.26 15:39:36.529,8.67062,8.70527,1.00,0.75
2016.12.26 15:39:36.874,8.67072,8.70527,1.00,0.75
2016.12.26 15:39:39.378,8.66993,8.70528,1.50,0.75
2016.12.26 15:39:39.479,8.67712,8.70477,0.75,0.75
2016.12.26 15:39:39.958,8.67073,8.70527,1.00,0.75
2016.12.26 15:39:40.800,8.67712,8.70477,0.75,0.75
2016.12.26 15:39:40.953,8.67072,8.70538,1.00,0.75
2016.12.26 15:39:42.588,8.66992,8.70538,1.00,0.75
2016.12.26 15:39:42.689,8.67062,8.70538,1.00,0.75
2016.12.26 15:39:43.008,8.67692,8.70457,0.75,0.75
2016.12.26 15:39:43.456,8.67072,8.70528,1.00,0.75
2016.12.26 15:39:45.676,8.66992,8.70527,1.00,0.75
2016.12.26 15:39:45.827,8.67062,8.70528,1.00,0.75
2016.12.26 15:39:46.138,8.67072,8.70528,1.00,0.75
2016.12.26 15:39:48.675,8.67713,8.70476,0.75,0.75
2016.12.26 15:39:49.293,8.67073,8.70528,1.00,0.75
2016.12.26 15:39:51.976,8.66993,8.70527,1.50,0.75
2016.12.26 15:39:52.083,8.67063,8.70527,1.00,0.75
2016.12.26 15:39:52.416,8.67743,8.70506,0.75,1.50
2016.12.26 15:39:53.262,8.67742,8.70507,0.75,0.75
2016.12.26 15:39:55.369,8.67693,8.70458,0.75,0.75
2016.12.26 15:39:55.669,8.67073,8.70528,1.00,0.75
2016.12.26 15:39:58.075,8.66992,8.70528,1.50,0.75
2016.12.26 15:39:58.281,8.67062,8.70528,1.00,0.75
2016.12.26 15:39:58.606,8.67072,8.70528,1.00,0.75
2016.12.26 15:39:59.489,8.67073,8.70528,1.00,0.75
2016.12.26 15:40:01.276,8.66992,8.70528,1.50,0.75
2016.12.26 15:40:01.382,8.67062,8.70528,1.00,0.75
2016.12.26 15:40:01.715,8.67073,8.70528,1.00,0.75
2016.12.26 15:40:04.430,8.66992,8.70528,1.50,0.75
2016.12.26 15:40:04.481,8.67062,8.70528,1.00,0.75
2016.12.26 15:40:04.800,8.67072,8.70527,1.00,0.75
2016.12.26 15:40:07.429,8.67053,8.70527,1.00,0.75
2016.12.26 15:40:07.530,8.66992,8.70528,1.50,0.75
2016.12.26 15:40:07.582,8.67062,8.70528,1.00,0.75
2016.12.26 15:40:07.908,8.67692,8.70458,0.75,0.75
2016.12.26 15:40:08.193,8.67073,8.70527,1.00,0.75
2016.12.26 15:40:10.528,8.66993,8.70528,1.50,0.75
2016.12.26 15:40:10.682,8.67062,8.70528,1.00,0.75
2016.12.26 15:40:11.012,8.67073,8.70528,1.00,0.75
2016.12.26 15:40:13.612,8.66992,8.70528,1.50,0.75
2016.12.26 15:40:13.713,8.67712,8.70478,0.75,0.75
2016.12.26 15:40:14.200,8.67072,8.70527,1.00,0.75
2016.12.26 15:40:16.729,8.67702,8.70467,0.75,0.75
2016.12.26 15:40:16.932,8.67072,8.70528,1.00,0.75
2016.12.26 15:40:19.928,8.66992,8.70528,1.50,0.75
2016.12.26 15:40:19.983,8.67062,8.70528,1.00,0.75
2016.12.26 15:40:20.342,8.67692,8.70458,0.75,0.75
2016.12.26 15:40:20.707,8.67072,8.70547,1.00,0.75
2016.12.26 15:40:21.920,8.67722,8.70488,0.75,0.75
2016.12.26 15:40:22.259,8.67072,8.70538,1.00,0.75
2016.12.26 15:40:22.910,8.66993,8.70538,1.50,0.75
2016.12.26 15:40:23.124,8.67062,8.70538,1.00,0.75
2016.12.26 15:40:23.432,8.67692,8.70457,0.75,0.75
2016.12.26 15:40:23.911,8.67073,8.70538,1.00,0.75
2016.12.26 15:40:25.978,8.67712,8.70538,0.75,0.75
2016.12.26 15:40:26.030,8.67662,8.70538,0.75,0.75
2016.12.26 15:40:26.132,8.67662,8.71021,1.00,2.25
2016.12.26 15:40:26.233,8.67672,8.71021,1.00,2.25
2016.12.26 15:40:26.542,8.68502,8.71021,1.00,2.25
2016.12.26 15:40:26.593,8.67752,8.71021,1.00,2.25
2016.12.26 15:40:26.643,8.68262,8.71021,1.00,2.25
2016.12.26 15:40:26.694,8.68193,8.71021,0.75,2.25
2016.12.26 15:40:26.745,8.68062,8.71021,1.00,2.25
2016.12.26 15:40:26.998,8.67772,8.71021,1.00,2.25
2016.12.26 15:40:27.048,8.67992,8.71021,1.00,2.25
2016.12.26 15:40:27.149,8.67742,8.71021,1.00,2.25
2016.12.26 15:40:27.200,8.67902,8.71021,1.00,2.25
2016.12.26 15:40:27.250,8.67732,8.71021,1.00,2.25
2016.12.26 15:40:27.301,8.67742,8.71021,1.00,2.25
2016.12.26 15:40:27.849,8.67732,8.71021,1.00,2.25
2016.12.26 15:40:27.899,8.67782,8.71021,1.00,2.25
2016.12.26 15:40:28.105,8.67752,8.71021,1.00,2.25
2016.12.26 15:40:28.257,8.67782,8.71021,1.00,2.25
2016.12.26 15:40:28.897,8.67752,8.71021,1.00,2.25
2016.12.26 15:40:28.948,8.67822,8.71021,1.00,2.25
2016.12.26 15:40:29.348,8.67893,8.71021,1.00,2.25
2016.12.26 15:40:29.592,8.67862,8.71021,1.00,2.25
2016.12.26 15:40:29.748,8.67792,8.71021,1.00,2.25
2016.12.26 15:40:29.799,8.67862,8.71021,1.00,2.25
2016.12.26 15:40:30.134,8.67932,8.71021,1.50,2.25
2016.12.26 15:40:30.354,8.67902,8.71021,1.00,2.25
2016.12.26 15:40:30.901,8.67833,8.71021,1.00,2.25
2016.12.26 15:40:30.961,8.67902,8.71021,1.00,2.25
2016.12.26 15:40:31.664,8.67943,8.71021,1.00,2.25
2016.12.26 15:40:31.715,8.67902,8.71021,1.00,2.25
2016.12.26 15:40:31.815,8.67982,8.71021,1.00,2.25
2016.12.26 15:40:32.117,8.67992,8.71021,1.00,2.25
2016.12.26 15:40:32.168,8.67902,8.71021,1.00,2.25
2016.12.26 15:40:32.219,8.68103,8.71021,1.00,2.25
2016.12.26 15:40:32.478,8.67912,8.71021,1.00,2.25
2016.12.26 15:40:32.529,8.68102,8.71021,1.00,2.25
2016.12.26 15:40:33.076,8.67992,8.71021,1.00,2.25
2016.12.26 15:40:33.127,8.67903,8.71021,1.00,2.25
2016.12.26 15:40:33.178,8.67942,8.71021,1.00,2.25
2016.12.26 15:40:33.849,8.68103,8.71021,1.00,2.25
2016.12.26 15:40:33.900,8.67982,8.71021,1.00,2.25
2016.12.26 15:40:33.951,8.68102,8.71021,1.00,2.25
2016.12.26 15:40:34.319,8.67993,8.71021,1.00,2.25
2016.12.26 15:40:34.370,8.68102,8.71021,1.00,2.25
2016.12.26 15:40:35.299,8.67992,8.71021,1.00,2.25
2016.12.26 15:40:35.350,8.68102,8.71021,1.00,2.25
2016.12.26 15:40:35.804,8.67993,8.71021,1.00,2.25
2016.12.26 15:40:35.913,8.67983,8.71021,1.00,2.25
2016.12.26 15:40:35.974,8.68102,8.71021,1.00,2.25
2016.12.26 15:40:36.749,8.67672,8.71021,1.00,2.25
2016.12.26 15:40:36.800,8.67982,8.71021,1.00,2.25
2016.12.26 15:40:37.102,8.68132,8.71021,1.50,2.25
2016.12.26 15:40:37.254,8.67992,8.71021,0.75,2.25
2016.12.26 15:40:37.322,8.68132,8.71021,1.00,2.25
2016.12.26 15:40:37.373,8.67982,8.71021,1.00,2.25
2016.12.26 15:40:37.424,8.68062,8.71021,1.00,2.25
2016.12.26 15:40:37.729,8.67993,8.71021,0.75,2.25
2016.12.26 15:40:37.880,8.68102,8.71021,1.00,2.25
2016.12.26 15:40:38.233,8.67992,8.71021,1.00,2.25
2016.12.26 15:40:38.385,8.67983,8.71021,1.00,2.25
2016.12.26 15:40:38.486,8.68102,8.71021,1.00,2.25
2016.12.26 15:40:38.840,8.67993,8.71021,1.00,2.25
2016.12.26 15:40:38.941,8.67902,8.71021,1.00,2.25
2016.12.26 15:40:38.991,8.68102,8.71021,1.00,2.25
2016.12.26 15:40:39.308,8.67912,8.71021,1.00,2.25
2016.12.26 15:40:39.359,8.67982,8.71021,1.00,2.25
2016.12.26 15:40:39.672,8.68062,8.71021,1.00,2.25
2016.12.26 15:40:39.774,8.67672,8.71021,1.00,2.25
2016.12.26 15:40:39.875,8.67982,8.71021,1.00,2.25
2016.12.26 15:40:40.191,8.68102,8.71021,1.00,2.25
2016.12.26 15:40:40.628,8.68132,8.71021,1.00,2.25
2016.12.26 15:40:40.892,8.68103,8.71021,1.00,2.25
2016.12.26 15:40:41.764,8.67992,8.71021,0.75,2.25
2016.12.26 15:40:41.868,8.67982,8.71021,1.00,2.25
2016.12.26 15:40:41.991,8.68102,8.71021,1.00,2.25
2016.12.26 15:40:42.309,8.67992,8.71021,0.75,2.25
2016.12.26 15:40:42.360,8.67702,8.71021,1.00,2.25
2016.12.26 15:40:42.411,8.68022,8.71021,1.00,2.25
2016.12.26 15:40:42.594,8.67733,8.71021,2.25,2.25
2016.12.26 15:40:42.645,8.67942,8.71021,1.00,2.25
2016.12.26 15:40:42.980,8.67992,8.71021,1.00,2.25
2016.12.26 15:40:43.282,8.67672,8.71021,2.25,2.25
2016.12.26 15:40:43.333,8.67732,8.71021,2.25,2.25
2016.12.26 15:40:43.673,8.68103,8.71021,1.00,2.25
2016.12.26 15:40:44.009,8.67953,8.71021,1.00,2.25
2016.12.26 15:40:44.114,8.68102,8.71021,1.00,2.25
2016.12.26 15:40:44.314,8.67952,8.71021,1.00,2.25
2016.12.26 15:40:44.364,8.67982,8.71021,1.00,2.25
2016.12.26 15:40:44.701,8.68102,8.71021,1.00,2.25
2016.12.26 15:40:47.375,8.67753,8.71021,1.00,2.25
2016.12.26 15:40:47.476,8.67742,8.71021,1.00,2.25
2016.12.26 15:40:47.526,8.68102,8.71021,1.00,2.25
2016.12.26 15:40:51.163,8.67742,8.71021,1.00,2.25
2016.12.26 15:40:51.318,8.68102,8.71021,1.00,2.25
2016.12.26 15:40:51.369,8.67742,8.71021,1.00,2.25
2016.12.26 15:40:51.509,8.68102,8.71021,1.00,2.25
2016.12.26 15:40:51.560,8.67743,8.71021,1.00,2.25
2016.12.26 15:40:51.764,8.68102,8.71021,1.00,2.25
2016.12.26 15:40:51.915,8.67752,8.71021,1.00,2.25
2016.12.26 15:40:51.995,8.67742,8.71021,1.00,2.25
2016.12.26 15:40:52.046,8.68103,8.71021,1.00,2.25
2016.12.26 15:40:52.424,8.67753,8.71021,1.00,2.25
2016.12.26 15:40:52.475,8.67742,8.71021,1.00,2.25
2016.12.26 15:40:52.543,8.68102,8.71021,1.00,2.25
2016.12.26 15:40:52.825,8.67752,8.71021,1.00,2.25
2016.12.26 15:40:52.942,8.68102,8.71021,1.00,2.25
2016.12.26 15:40:53.219,8.67753,8.71021,1.00,2.25
2016.12.26 15:40:53.270,8.67743,8.71021,1.00,2.25
2016.12.26 15:40:53.371,8.68102,8.71021,1.00,2.25
2016.12.26 15:40:54.234,8.67753,8.71021,1.00,2.25
2016.12.26 15:40:54.393,8.68102,8.71021,1.00,2.25
2016.12.26 15:40:54.515,8.67752,8.71021,1.00,2.25
2016.12.26 15:40:54.634,8.67743,8.71021,1.00,2.25
2016.12.26 15:40:54.684,8.68103,8.71021,1.00,2.25
2016.12.26 15:40:55.075,8.67742,8.71021,1.00,2.25
2016.12.26 15:40:55.210,8.68102,8.71021,1.00,2.25
2016.12.26 15:40:55.495,8.67743,8.71021,1.00,2.25
2016.12.26 15:40:55.717,8.68062,8.71021,1.00,2.25
2016.12.26 15:40:55.891,8.67742,8.71021,1.00,2.25
2016.12.26 15:40:56.042,8.68102,8.71021,1.00,2.25
2016.12.26 15:40:56.360,8.67752,8.71021,1.00,2.25
2016.12.26 15:40:56.461,8.67742,8.71099,1.00,2.02
2016.12.26 15:40:56.630,8.68102,8.71099,1.00,2.14
2016.12.26 15:40:56.731,8.68102,8.71108,1.00,1.00
2016.12.26 15:40:56.832,8.67812,8.71108,1.00,1.00
2016.12.26 15:40:56.882,8.67812,8.71106,1.50,1.00
2016.12.26 15:40:57.169,8.67812,8.71108,1.50,1.00
2016.12.26 15:40:57.560,8.68063,8.71108,1.00,1.00
2016.12.26 15:40:57.910,8.68073,8.71108,1.00,1.00
2016.12.26 15:40:57.986,8.67813,8.71107,1.50,1.00
2016.12.26 15:40:58.043,8.68062,8.71107,1.00,1.00
2016.12.26 15:40:58.355,8.68072,8.71107,1.00,1.00
2016.12.26 15:40:58.507,8.68023,8.71107,1.00,1.00
2016.12.26 15:40:58.572,8.68032,8.71108,1.00,1.00
2016.12.26 15:40:58.920,8.67812,8.71107,1.50,1.00
2016.12.26 15:40:58.971,8.68062,8.71107,1.00,1.00
2016.12.26 15:40:59.300,8.68072,8.71108,1.00,1.00
2016.12.26 15:40:59.401,8.67812,8.71106,1.50,1.00
2016.12.26 15:40:59.452,8.68102,8.71106,1.00,1.00
2016.12.26 15:40:59.754,8.68112,8.71108,0.75,1.00
2016.12.26 15:40:59.906,8.68102,8.71108,1.00,1.00
2016.12.26 15:40:59.975,8.68112,8.71108,1.00,1.00
2016.12.26 15:41:00.375,8.68333,8.71057,1.00,1.00
2016.12.26 15:41:23.960,8.68382,8.71107,0.75,1.00
2016.12.26 15:41:27.629,8.68342,8.71058,0.75,1.00
2016.12.26 15:41:30.944,8.68382,8.71108,0.75,1.00
2016.12.26 15:42:31.032,8.67813,8.71271,1.50,2.25
2016.12.26 15:42:31.134,8.67822,8.71271,1.00,2.25
2016.12.26 15:42:34.532,8.67812,8.71271,1.50,2.25
2016.12.26 15:42:34.592,8.67822,8.71271,1.00,2.25
2016.12.26 15:42:38.033,8.67812,8.71271,1.50,2.25
2016.12.26 15:42:38.134,8.67822,8.71271,1.00,2.25
2016.12.26 15:42:41.534,8.67812,8.71271,1.50,2.25
2016.12.26 15:42:41.594,8.67822,8.71271,1.00,2.25
2016.12.26 15:42:45.034,8.67812,8.71271,1.50,2.25
2016.12.26 15:42:45.135,8.67822,8.71271,1.00,2.25
2016.12.26 15:42:48.581,8.67812,8.71271,1.50,2.25
2016.12.26 15:42:48.632,8.67822,8.71271,1.00,2.25
2016.12.26 15:42:52.181,8.67813,8.71271,1.50,2.25
2016.12.26 15:42:52.232,8.67822,8.71271,1.00,2.25
2016.12.26 15:42:55.632,8.67813,8.71271,1.50,2.25
2016.12.26 15:42:55.693,8.67822,8.71271,1.00,2.25
2016.12.26 15:42:59.031,8.67972,8.71271,1.50,2.25
2016.12.26 15:42:59.099,8.67822,8.71271,1.00,2.25
2016.12.26 15:43:02.756,8.67812,8.71271,1.50,2.25
2016.12.26 15:43:22.822,8.67813,8.71271,1.00,2.25
2016.12.26 15:43:22.872,8.67932,8.71271,1.50,2.25
2016.12.26 15:43:22.923,8.67812,8.71271,1.00,2.25
2016.12.26 15:43:48.116,8.67813,8.71271,1.50,2.25
2016.12.26 15:43:50.536,8.67812,8.71271,2.25,2.25
2016.12.26 15:43:58.210,8.67782,8.71271,1.00,2.25
2016.12.26 15:43:58.261,8.68192,8.71257,0.75,1.00
2016.12.26 15:44:12.880,8.67542,8.70938,1.00,0.75
2016.12.26 15:44:12.981,8.67662,8.70938,1.00,0.75
2016.12.26 15:44:13.511,8.67672,8.70937,1.00,0.75
2016.12.26 15:44:13.561,8.67673,8.70986,1.00,1.00
2016.12.26 15:44:16.115,8.67702,8.70986,1.00,1.00
2016.12.26 15:44:16.484,8.67713,8.70987,1.00,1.00
2016.12.26 15:44:20.080,8.67702,8.70988,1.00,1.00
2016.12.26 15:44:20.154,8.67713,8.70988,1.00,1.00
2016.12.26 15:44:27.075,8.67732,8.70988,1.50,1.00
2016.12.26 15:44:27.629,8.67733,8.70988,1.50,1.00
2016.12.26 15:44:28.200,8.67732,8.70988,1.50,1.00
2016.12.26 15:44:29.159,8.67733,8.70988,1.50,1.00
2016.12.26 15:44:30.129,8.67732,8.70988,1.50,1.00
2016.12.26 15:44:30.331,8.67712,8.70988,1.00,1.00
2016.12.26 15:44:30.598,8.67732,8.70988,1.50,1.00
2016.12.26 15:44:32.564,8.67733,8.70988,1.50,1.00
2016.12.26 15:44:33.529,8.67732,8.70988,1.50,1.00
2016.12.26 15:44:33.581,8.67712,8.70988,1.00,1.00
2016.12.26 15:44:33.682,8.67702,8.70987,1.00,1.00
2016.12.26 15:44:33.771,8.67712,8.70988,1.00,1.00
2016.12.26 15:44:37.358,8.67732,8.70988,1.50,1.00
2016.12.26 15:44:39.994,8.67712,8.70988,1.00,1.00
2016.12.26 15:44:55.073,8.67732,8.70988,1.50,1.00
2016.12.26 15:44:57.743,8.67712,8.70988,1.00,1.00
2016.12.26 15:45:01.200,8.68202,8.70938,0.75,0.75
2016.12.26 15:46:01.289,8.67702,8.7127,1.00,2.25
2016.12.26 15:46:01.340,8.67772,8.7127,1.50,2.25
2016.12.26 15:46:01.592,8.67702,8.7127,1.00,2.25
2016.12.26 15:46:02.433,8.67692,8.7127,1.50,2.25
2016.12.26 15:46:02.534,8.67702,8.7127,1.00,2.25
2016.12.26 15:46:04.033,8.67692,8.7127,1.50,2.25
2016.12.26 15:46:04.108,8.67702,8.7127,1.00,2.25
2016.12.26 15:46:04.600,8.67772,8.7127,1.50,2.25
2016.12.26 15:46:04.824,8.67702,8.7127,2.25,2.25
2016.12.26 15:46:05.933,8.67692,8.7127,1.50,2.25
2016.12.26 15:46:06.034,8.67703,8.7127,1.00,2.25
2016.12.26 15:46:06.380,8.67772,8.7127,1.50,2.25
2016.12.26 15:46:07.583,8.67663,8.7127,1.00,2.25
2016.12.26 15:46:07.634,8.67702,8.7127,1.00,2.25
2016.12.26 15:46:08.126,8.67773,8.7127,1.50,2.25
2016.12.26 15:46:08.327,8.67702,8.7127,2.25,2.25
2016.12.26 15:46:09.433,8.67692,8.7127,1.50,2.25
2016.12.26 15:46:09.506,8.67702,8.7127,1.00,2.25
2016.12.26 15:46:09.896,8.67773,8.7127,1.50,2.25
2016.12.26 15:46:11.084,8.67662,8.7127,1.00,2.25
2016.12.26 15:46:11.135,8.67702,8.7127,1.00,2.25
2016.12.26 15:46:11.579,8.67772,8.7127,1.50,2.25
2016.12.26 15:46:11.825,8.67703,8.7127,2.25,2.25
2016.12.26 15:46:12.632,8.67702,8.7127,1.00,2.25
2016.12.26 15:46:12.933,8.67692,8.7127,1.50,2.25
2016.12.26 15:46:13.006,8.67702,8.7127,1.00,2.25
2016.12.26 15:46:13.360,8.67773,8.7127,1.50,2.25
2016.12.26 15:46:14.825,8.67702,8.7127,2.25,2.25
2016.12.26 15:46:15.065,8.67692,8.7127,1.50,2.25
2016.12.26 15:46:15.132,8.67702,8.7127,1.00,2.25
2016.12.26 15:46:16.697,8.67772,8.7127,1.50,2.25
2016.12.26 15:46:16.825,8.67702,8.7127,2.25,2.25
2016.12.26 15:46:18.575,8.67773,8.7127,1.50,2.25
2016.12.26 15:46:19.597,8.67702,8.7127,1.00,2.25
2016.12.26 15:46:19.825,8.67813,8.7127,1.50,2.25
2016.12.26 15:46:19.926,8.67702,8.7127,1.00,2.25
2016.12.26 15:46:19.977,8.67772,8.7127,1.50,2.25
2016.12.26 15:46:20.132,8.67703,8.7127,1.00,2.25
2016.12.26 15:46:20.365,8.67772,8.7127,1.50,2.25
2016.12.26 15:46:21.381,8.67702,8.7127,1.00,2.25
2016.12.26 15:46:23.324,8.67772,8.7127,1.50,2.25
2016.12.26 15:46:24.601,8.67702,8.7127,1.00,2.25
2016.12.26 15:46:24.825,8.67772,8.7127,1.50,2.25
2016.12.26 15:46:25.325,8.67703,8.7127,2.25,2.25
2016.12.26 15:46:26.280,8.67702,8.7127,1.00,2.25
2016.12.26 15:46:28.867,8.67772,8.7127,1.50,2.25
2016.12.26 15:46:29.594,8.67702,8.7127,1.00,2.25
2016.12.26 15:46:30.322,8.67772,8.7127,1.50,2.25
2016.12.26 15:46:31.077,8.67703,8.7127,2.25,2.25
2016.12.26 15:46:31.332,8.67772,8.7127,1.50,2.25
2016.12.26 15:46:31.668,8.67585,8.7127,2.25,2.25
2016.12.26 15:46:31.769,8.68173,8.71067,0.75,1.00
2016.12.26 15:46:31.861,8.67054,8.71018,1.00,1.00
2016.12.26 15:46:31.962,8.66999,8.71017,1.00,1.00
2016.12.26 15:46:32.060,8.67513,8.71017,1.00,1.00
2016.12.26 15:46:32.842,8.67512,8.71018,1.50,1.00
2016.12.26 15:46:33.244,8.67132,8.71018,1.00,1.00
2016.12.26 15:46:33.445,8.67312,8.71017,1.00,1.00
2016.12.26 15:46:33.970,8.67142,8.71017,1.00,1.00
2016.12.26 15:46:34.071,8.67153,8.71018,1.00,1.00
2016.12.26 15:46:34.172,8.67113,8.71016,1.00,1.00
2016.12.26 15:46:34.463,8.67033,8.71017,1.00,1.00
2016.12.26 15:46:34.514,8.67062,8.71017,1.00,1.00
2016.12.26 15:46:34.856,8.67072,8.71018,1.00,1.00
2016.12.26 15:46:35.398,8.67172,8.71018,1.00,1.00
2016.12.26 15:46:35.599,8.67112,8.71018,1.00,1.00
2016.12.26 15:46:35.650,8.67172,8.71018,1.50,1.00
2016.12.26 15:46:35.938,8.67112,8.71018,1.50,1.00
2016.12.26 15:46:35.989,8.67102,8.71017,1.00,1.00
2016.12.26 15:46:36.090,8.67113,8.71017,1.00,1.00
2016.12.26 15:46:36.153,8.67072,8.71018,1.00,1.00
2016.12.26 15:46:36.663,8.67102,8.71018,1.00,1.00
2016.12.26 15:46:36.996,8.67492,8.71017,0.75,1.00
2016.12.26 15:46:37.298,8.67632,8.70957,1.00,0.75
2016.12.26 15:46:37.633,8.67712,8.70897,1.00,0.75
2016.12.26 15:46:37.750,8.67633,8.70897,1.00,0.75
2016.12.26 15:46:40.058,8.67632,8.70898,1.50,0.75
2016.12.26 15:46:40.484,8.67672,8.70897,1.00,0.75
2016.12.26 15:46:42.979,8.67662,8.70897,1.00,0.75
2016.12.26 15:46:43.067,8.67674,8.70897,1.00,0.75
2016.12.26 15:46:43.488,8.67662,8.70898,1.00,0.75
2016.12.26 15:46:43.563,8.67673,8.70898,1.00,0.75
2016.12.26 15:46:43.973,8.67662,8.70898,1.00,0.75
2016.12.26 15:46:44.114,8.67673,8.70897,1.00,0.75
2016.12.26 15:46:44.399,8.67662,8.70898,1.00,0.75
2016.12.26 15:46:44.468,8.67673,8.70897,1.00,0.75
2016.12.26 15:46:46.378,8.67662,8.70896,1.00,0.75
2016.12.26 15:46:46.471,8.67672,8.70898,1.00,0.75
2016.12.26 15:46:47.804,8.67662,8.70897,1.00,0.75
2016.12.26 15:46:47.877,8.67673,8.70897,1.00,0.75
2016.12.26 15:46:50.223,8.67663,8.70898,1.00,0.75
2016.12.26 15:46:50.336,8.67673,8.70898,1.00,0.75
2016.12.26 15:46:50.708,8.67662,8.70898,1.00,0.75
2016.12.26 15:46:50.782,8.67674,8.70897,1.00,0.75
2016.12.26 15:46:51.209,8.67662,8.70898,1.00,0.75
2016.12.26 15:46:51.283,8.67672,8.70898,1.00,0.75
2016.12.26 15:46:53.127,8.67662,8.70897,1.00,0.75
2016.12.26 15:46:53.186,8.67672,8.70897,1.00,0.75
2016.12.26 15:46:53.622,8.67663,8.70898,1.00,0.75
2016.12.26 15:46:53.689,8.67672,8.70898,1.00,0.75
2016.12.26 15:46:56.442,8.67673,8.70897,1.00,0.75
2016.12.26 15:46:56.922,8.67662,8.70898,1.00,0.75
2016.12.26 15:46:57.023,8.67672,8.70897,1.00,0.75
2016.12.26 15:46:57.807,8.67542,8.70898,0.75,0.75
2016.12.26 15:46:57.858,8.67663,8.70898,1.00,0.75
2016.12.26 15:46:58.192,8.67673,8.70897,1.00,0.75
2016.12.26 15:46:59.094,8.67673,8.70898,1.50,0.75
2016.12.26 15:46:59.847,8.67813,8.70897,1.00,0.75
2016.12.26 15:46:59.898,8.67742,8.70897,1.00,0.75
2016.12.26 15:46:59.999,8.67812,8.70897,1.00,0.75
2016.12.26 15:47:00.132,8.67672,8.70897,1.00,0.75
2016.12.26 15:47:00.233,8.67652,8.70898,1.00,0.75
2016.12.26 15:47:00.283,8.67662,8.70898,1.00,0.75
2016.12.26 15:47:00.622,8.67672,8.70898,1.00,0.75
2016.12.26 15:47:01.013,8.67662,8.70898,1.00,0.75
2016.12.26 15:47:01.114,8.67673,8.70897,1.00,0.75
2016.12.26 15:47:01.312,8.67592,8.70898,1.00,0.75
2016.12.26 15:47:01.363,8.67662,8.70898,1.00,0.75
2016.12.26 15:47:01.672,8.67673,8.70897,1.00,0.75
2016.12.26 15:47:02.548,8.67663,8.70898,1.00,0.75
2016.12.26 15:47:02.658,8.67673,8.70897,1.00,0.75
2016.12.26 15:47:04.517,8.67662,8.70898,1.00,0.75
2016.12.26 15:47:04.617,8.67673,8.70898,1.00,0.75
2016.12.26 15:47:04.833,8.67662,8.70897,1.00,0.75
2016.12.26 15:47:04.934,8.67673,8.70897,1.00,0.75
2016.12.26 15:47:05.248,8.67542,8.70897,0.75,0.75
2016.12.26 15:47:05.300,8.67663,8.70897,1.00,0.75
2016.12.26 15:47:05.623,8.67672,8.70898,1.00,0.75
2016.12.26 15:47:06.134,8.67662,8.70898,1.00,0.75
2016.12.26 15:47:06.338,8.67672,8.70898,1.00,0.75
2016.12.26 15:47:06.456,8.67662,8.70898,1.00,0.75
2016.12.26 15:47:06.525,8.67672,8.70898,1.00,0.75
2016.12.26 15:47:07.255,8.67663,8.70898,1.00,0.75
2016.12.26 15:47:07.335,8.67673,8.70897,1.00,0.75
2016.12.26 15:47:08.263,8.67662,8.70897,1.00,0.75
2016.12.26 15:47:08.332,8.67672,8.70898,1.00,0.75
2016.12.26 15:47:10.263,8.67662,8.70898,1.00,0.75
2016.12.26 15:47:10.364,8.67672,8.70898,1.00,0.75
2016.12.26 15:47:10.947,8.67662,8.70897,1.00,0.75
2016.12.26 15:47:11.058,8.67672,8.70898,1.00,0.75
2016.12.26 15:47:11.666,8.67662,8.70898,1.00,0.75
2016.12.26 15:47:11.763,8.67673,8.70898,1.00,0.75
2016.12.26 15:47:13.684,8.67662,8.70898,1.00,0.75
2016.12.26 15:47:13.740,8.67673,8.70897,1.00,0.75
2016.12.26 15:47:14.141,8.67662,8.70897,1.00,0.75
2016.12.26 15:47:14.241,8.67673,8.70898,1.00,0.75
2016.12.26 15:47:14.783,8.67662,8.70898,1.00,0.75
2016.12.26 15:47:14.884,8.67672,8.70898,1.00,0.75
2016.12.26 15:47:15.944,8.67673,8.70898,1.50,0.75
2016.12.26 15:47:16.754,8.67672,8.70898,1.00,0.75
2016.12.26 15:47:17.361,8.67652,8.70898,1.50,0.75
2016.12.26 15:47:17.736,8.67662,8.70898,1.00,0.75
2016.12.26 15:47:18.087,8.67674,8.70896,1.00,0.75
2016.12.26 15:47:18.188,8.67662,8.70897,1.00,0.75
2016.12.26 15:47:18.252,8.67673,8.70897,1.00,0.75
2016.12.26 15:47:18.654,8.67652,8.70898,1.50,0.75
2016.12.26 15:47:18.704,8.67663,8.70898,1.00,0.75
2016.12.26 15:47:19.047,8.67672,8.70897,1.00,0.75
2016.12.26 15:47:19.199,8.67662,8.70897,1.00,0.75
2016.12.26 15:47:19.255,8.67673,8.70897,1.00,0.75
2016.12.26 15:47:21.058,8.67652,8.70897,1.50,0.75
2016.12.26 15:47:21.525,8.67662,8.70897,1.00,0.75
2016.12.26 15:47:21.856,8.67672,8.70898,1.00,0.75
2016.12.26 15:47:22.008,8.67663,8.70898,1.00,0.75
2016.12.26 15:47:22.063,8.67673,8.70896,1.00,0.75
2016.12.26 15:47:22.373,8.67652,8.70898,1.50,0.75
2016.12.26 15:47:22.424,8.67662,8.70898,1.00,0.75
2016.12.26 15:47:22.741,8.67672,8.70898,1.00,0.75
2016.12.26 15:47:24.283,8.67652,8.70898,1.50,0.75
2016.12.26 15:47:24.807,8.67653,8.70898,1.50,0.75
2016.12.26 15:47:25.141,8.67732,8.70898,1.50,0.75
2016.12.26 15:47:25.242,8.67622,8.70898,1.00,0.75
2016.12.26 15:47:25.293,8.67652,8.70898,1.50,0.75
2016.12.26 15:47:26.169,8.67652,8.70897,1.50,0.75
2016.12.26 15:47:26.605,8.67673,8.70898,1.00,0.75
2016.12.26 15:47:28.585,8.67653,8.70898,1.50,0.75
2016.12.26 15:47:29.037,8.67662,8.70898,1.00,0.75
2016.12.26 15:47:29.416,8.67673,8.70898,1.00,0.75
2016.12.26 15:47:29.625,8.67663,8.70897,1.00,0.75
2016.12.26 15:47:29.730,8.67673,8.70897,1.00,0.75
2016.12.26 15:47:30.076,8.67663,8.70898,1.00,0.75
2016.12.26 15:47:30.176,8.67672,8.70898,1.00,0.75
2016.12.26 15:47:31.984,8.67652,8.70896,1.50,0.75
2016.12.26 15:47:32.079,8.67652,8.70898,1.50,0.75
2016.12.26 15:47:32.437,8.67662,8.70898,1.00,0.75
2016.12.26 15:47:32.782,8.67672,8.70898,1.00,0.75
2016.12.26 15:47:32.902,8.67662,8.70897,1.00,0.75
2016.12.26 15:47:33.013,8.67672,8.70898,1.00,0.75
2016.12.26 15:47:35.334,8.67653,8.70898,1.50,0.75
2016.12.26 15:47:35.756,8.67662,8.70898,1.00,0.75
2016.12.26 15:47:36.090,8.67672,8.70898,1.00,0.75
2016.12.26 15:47:36.613,8.67772,8.70898,1.50,0.75
2016.12.26 15:47:36.664,8.67672,8.70898,1.00,0.75
2016.12.26 15:47:36.714,8.67713,8.70897,1.50,0.75
2016.12.26 15:47:36.808,8.67673,8.70898,1.00,0.75
2016.12.26 15:47:38.534,8.67652,8.70898,1.50,0.75
2016.12.26 15:47:39.094,8.67652,8.70897,1.50,0.75
2016.12.26 15:47:39.677,8.67662,8.70897,1.00,0.75
2016.12.26 15:47:40.237,8.67672,8.70898,1.00,0.75
2016.12.26 15:47:41.807,8.67662,8.70896,1.00,0.75
2016.12.26 15:47:41.858,8.67772,8.70896,1.50,0.75
2016.12.26 15:47:41.908,8.67772,8.70898,1.50,0.75
2016.12.26 15:47:42.041,8.67713,8.70898,1.50,0.75
2016.12.26 15:47:42.152,8.67672,8.70898,1.00,0.75
2016.12.26 15:47:42.732,8.67652,8.70897,1.50,0.75
2016.12.26 15:47:42.783,8.67662,8.70897,1.00,0.75
2016.12.26 15:47:43.106,8.67672,8.70897,1.00,0.75
2016.12.26 15:47:44.334,8.67772,8.70897,1.50,0.75
2016.12.26 15:47:44.553,8.67713,8.70897,1.50,0.75
2016.12.26 15:47:44.716,8.67652,8.70898,1.50,0.75
2016.12.26 15:47:44.817,8.67662,8.70898,1.00,0.75
2016.12.26 15:47:45.155,8.67713,8.70898,1.50,0.75
2016.12.26 15:47:45.205,8.67672,8.70898,1.00,0.75
2016.12.26 15:47:46.033,8.67652,8.70897,1.50,0.75
2016.12.26 15:47:46.437,8.67662,8.70898,1.00,0.75
2016.12.26 15:47:46.767,8.67672,8.70898,1.00,0.75
2016.12.26 15:47:48.232,8.67652,8.70898,1.50,0.75
2016.12.26 15:47:48.687,8.67662,8.70897,1.00,0.75
2016.12.26 15:47:49.057,8.67672,8.70897,1.00,0.75
2016.12.26 15:47:50.934,8.67663,8.70897,1.00,0.75
2016.12.26 15:47:51.014,8.67672,8.70898,1.00,0.75
2016.12.26 15:47:51.595,8.67772,8.70898,1.50,0.75
2016.12.26 15:47:51.801,8.67713,8.70896,1.50,0.75
2016.12.26 15:47:51.952,8.67672,8.70898,1.00,0.75
2016.12.26 15:47:52.320,8.67662,8.70898,1.00,0.75
2016.12.26 15:47:52.417,8.67672,8.70898,1.00,0.75
2016.12.26 15:47:53.333,8.67652,8.70898,2.25,0.75
2016.12.26 15:47:53.499,8.67662,8.70898,1.00,0.75
2016.12.26 15:47:54.110,8.67672,8.70898,1.00,0.75
2016.12.26 15:47:54.434,8.67662,8.70898,1.00,0.75
2016.12.26 15:47:54.503,8.67652,8.70898,1.50,0.75
2016.12.26 15:47:54.554,8.67672,8.70898,1.00,0.75
2016.12.26 15:47:54.657,8.67662,8.70897,1.00,0.75
2016.12.26 15:47:54.721,8.67672,8.70898,1.00,0.75
2016.12.26 15:47:55.449,8.67662,8.70898,1.00,0.75
2016.12.26 15:47:55.543,8.67672,8.70898,1.00,0.75
2016.12.26 15:47:56.253,8.67662,8.70897,1.00,0.75
2016.12.26 15:47:56.325,8.67672,8.70897,1.00,0.75
2016.12.26 15:47:57.591,8.67772,8.70897,1.50,0.75
2016.12.26 15:47:57.642,8.67662,8.70898,1.00,0.75
2016.12.26 15:47:57.748,8.67674,8.70896,1.00,0.75
2016.12.26 15:47:58.428,8.67652,8.70897,1.50,0.75
2016.12.26 15:47:58.479,8.67662,8.70897,1.00,0.75
2016.12.26 15:47:59.110,8.67672,8.70898,1.00,0.75
2016.12.26 15:47:59.431,8.67652,8.70898,1.50,0.75
2016.12.26 15:47:59.482,8.67662,8.70898,1.00,0.75
2016.12.26 15:48:00.443,8.67672,8.70897,1.00,0.75
2016.12.26 15:48:03.739,8.67673,8.70898,1.50,0.75
2016.12.26 15:48:04.552,8.67652,8.70897,1.50,0.75
2016.12.26 15:48:05.001,8.67662,8.70897,1.00,0.75
2016.12.26 15:48:05.454,8.67672,8.70897,1.00,0.75
2016.12.26 15:48:05.668,8.67652,8.70898,1.50,0.75
2016.12.26 15:48:05.719,8.67662,8.70898,1.00,0.75
2016.12.26 15:48:06.246,8.67673,8.70898,1.50,0.75
2016.12.26 15:48:06.748,8.67672,8.70898,1.50,0.75
2016.12.26 15:48:07.525,8.67673,8.70898,1.50,0.75
2016.12.26 15:48:08.166,8.67672,8.70897,1.00,0.75
2016.12.26 15:48:08.696,8.67672,8.70898,1.00,0.75
2016.12.26 15:48:09.456,8.67673,8.70897,1.50,0.75
2016.12.26 15:48:10.005,8.67672,8.70898,1.00,0.75
2016.12.26 15:48:10.597,8.67673,8.70897,1.50,0.75
2016.12.26 15:48:12.061,8.67672,8.70898,1.00,0.75
2016.12.26 15:48:12.512,8.67673,8.70896,1.50,0.75
2016.12.26 15:48:12.563,8.67673,8.70898,1.00,0.75
2016.12.26 15:48:13.106,8.67672,8.70898,1.50,0.75
2016.12.26 15:48:13.656,8.67672,8.70897,1.50,0.75
2016.12.26 15:48:14.553,8.67673,8.70897,1.50,0.75
2016.12.26 15:48:17.376,8.67672,8.70897,1.50,0.75
2016.12.26 15:48:18.307,8.67672,8.70898,1.00,0.75
2016.12.26 15:48:20.224,8.67674,8.70897,1.00,0.75
2016.12.26 15:48:20.682,8.67672,8.70898,1.00,0.75
2016.12.26 15:48:22.189,8.67674,8.70897,1.00,0.75
2016.12.26 15:48:22.540,8.67662,8.70897,1.00,0.75
2016.12.26 15:48:22.591,8.67672,8.70898,1.00,0.75
2016.12.26 15:48:23.670,8.67672,8.70897,1.50,0.75
2016.12.26 15:48:24.197,8.67672,8.70898,1.00,0.75
2016.12.26 15:48:25.900,8.67674,8.70896,1.00,0.75
2016.12.26 15:48:26.421,8.67673,8.70897,1.50,0.75
2016.12.26 15:48:29.707,8.67673,8.70898,1.50,0.75
2016.12.26 15:48:30.502,8.67673,8.70897,1.50,0.75
2016.12.26 15:48:32.912,8.67673,8.70898,1.00,0.75
2016.12.26 15:48:33.416,8.67673,8.70897,1.50,0.75
2016.12.26 15:48:33.936,8.67672,8.70897,1.00,0.75
2016.12.26 15:48:34.554,8.67673,8.70897,1.50,0.75
2016.12.26 15:48:36.967,8.67652,8.70898,1.50,0.75
2016.12.26 15:48:37.435,8.67672,8.70898,1.00,0.75
2016.12.26 15:48:37.841,8.67663,8.70898,1.00,0.75
2016.12.26 15:48:37.942,8.67672,8.70898,1.00,0.75
2016.12.26 15:48:38.933,8.67673,8.70897,1.50,0.75
2016.12.26 15:48:39.434,8.67672,8.70898,1.00,0.75
2016.12.26 15:48:40.522,8.67672,8.70897,1.50,0.75
2016.12.26 15:48:41.091,8.67812,8.70897,1.00,0.75
2016.12.26 15:48:41.141,8.67673,8.70898,1.00,0.75
2016.12.26 15:48:41.826,8.67672,8.70898,1.00,0.75
2016.12.26 15:48:42.638,8.67673,8.70898,1.00,0.75
2016.12.26 15:48:44.247,8.67673,8.70897,1.00,0.75
2016.12.26 15:48:44.752,8.67672,8.70898,1.00,0.75
2016.12.26 15:48:45.254,8.67673,8.70897,1.00,0.75
2016.12.26 15:48:45.788,8.67672,8.70898,1.50,0.75
2016.12.26 15:48:48.824,8.67812,8.70898,1.00,0.75
2016.12.26 15:48:49.114,8.67753,8.70898,1.50,0.75
2016.12.26 15:48:49.183,8.67672,8.70897,1.50,0.75
2016.12.26 15:48:49.400,8.67674,8.70897,1.50,0.75
2016.12.26 15:48:52.327,8.67813,8.70897,1.50,0.75
2016.12.26 15:48:52.620,8.67752,8.70897,1.50,0.75
2016.12.26 15:48:52.671,8.67672,8.70898,1.50,0.75
2016.12.26 15:48:53.188,8.67672,8.70897,1.50,0.75
2016.12.26 15:48:53.289,8.67045,8.70966,1.00,1.00
2016.12.26 15:48:53.390,8.66979,8.70968,1.00,1.00
2016.12.26 15:48:53.541,8.67463,8.70968,1.00,1.00
2016.12.26 15:48:53.872,8.67472,8.70967,1.00,1.00
2016.12.26 15:48:54.499,8.67432,8.70968,0.75,1.00
2016.12.26 15:48:54.602,8.67262,8.70968,1.00,1.00
2016.12.26 15:48:54.678,8.67272,8.70968,1.00,1.00
2016.12.26 15:48:55.320,8.66852,8.70967,2.25,1.00
2016.12.26 15:48:55.421,8.67062,8.70968,1.00,1.00
2016.12.26 15:48:55.682,8.67072,8.70997,1.50,1.00
2016.12.26 15:48:55.940,8.67102,8.70996,1.00,1.00
2016.12.26 15:48:56.194,8.67072,8.70997,1.00,1.00
2016.12.26 15:48:58.133,8.67112,8.70998,1.00,1.00
2016.12.26 15:48:58.189,8.67072,8.70998,1.00,1.00
2016.12.26 15:48:59.368,8.67092,8.70998,2.25,1.00
2016.12.26 15:48:59.693,8.67133,8.70997,1.50,1.00
2016.12.26 15:48:59.863,8.67073,8.70997,2.25,1.00
2016.12.26 15:49:00.512,8.67072,8.70997,1.00,1.00
2016.12.26 15:49:00.869,8.67092,8.70997,2.25,1.00
2016.12.26 15:49:01.079,8.67072,8.70997,1.00,1.00
2016.12.26 15:49:02.328,8.67092,8.70997,2.25,1.00
2016.12.26 15:49:02.653,8.67132,8.70997,1.50,1.00
2016.12.26 15:49:02.854,8.67072,8.70998,2.25,1.00
2016.12.26 15:49:03.874,8.67092,8.70998,2.25,1.00
2016.12.26 15:49:04.177,8.67132,8.70998,1.50,1.00
2016.12.26 15:49:04.331,8.67073,8.70997,2.25,1.00
2016.12.26 15:49:05.398,8.67072,8.70998,1.00,1.00
2016.12.26 15:49:06.863,8.67092,8.70998,2.25,1.00
2016.12.26 15:49:07.211,8.67132,8.70997,1.50,1.00
2016.12.26 15:49:07.318,8.67092,8.70997,1.00,1.00
2016.12.26 15:49:07.369,8.67074,8.70997,2.25,1.00
2016.12.26 15:49:07.539,8.67072,8.70997,1.00,1.00
2016.12.26 15:49:07.640,8.67102,8.70997,1.00,1.00
2016.12.26 15:49:07.985,8.67112,8.70998,1.50,1.00
2016.12.26 15:49:08.092,8.67072,8.70998,1.00,1.00
2016.12.26 15:49:08.609,8.67132,8.70998,1.50,1.00
2016.12.26 15:49:08.819,8.67073,8.70997,2.25,1.00
2016.12.26 15:49:09.824,8.67093,8.70997,2.25,1.00
2016.12.26 15:49:10.160,8.67132,8.70997,1.50,1.00
2016.12.26 15:49:10.319,8.67072,8.70997,2.25,1.00
2016.12.26 15:49:10.784,8.67102,8.70998,1.00,1.00
2016.12.26 15:49:11.119,8.67112,8.70998,1.00,1.00
2016.12.26 15:49:11.222,8.67073,8.70998,1.00,1.00
2016.12.26 15:49:14.024,8.67102,8.70998,1.00,1.00
2016.12.26 15:49:14.125,8.67073,8.70998,1.00,1.00
2016.12.26 15:49:14.225,8.67113,8.70997,1.00,1.00
2016.12.26 15:49:14.276,8.67072,8.70998,1.00,1.00
2016.12.26 15:49:14.388,8.67103,8.70998,1.00,1.00
2016.12.26 15:49:14.824,8.67132,8.70998,2.25,1.00
2016.12.26 15:49:16.869,8.67072,8.70998,2.25,1.00
2016.12.26 15:49:16.920,8.67103,8.70998,1.00,1.00
2016.12.26 15:49:17.226,8.67112,8.70998,1.00,1.00
2016.12.26 15:49:17.432,8.67072,8.70998,1.00,1.00
2016.12.26 15:49:17.637,8.67102,8.70998,1.00,1.00
2016.12.26 15:49:17.933,8.67072,8.70998,1.00,1.00
2016.12.26 15:49:18.324,8.67092,8.70998,2.25,1.00
2016.12.26 15:49:18.668,8.67132,8.70998,1.50,1.00
2016.12.26 15:49:18.835,8.67072,8.70997,2.25,1.00
2016.12.26 15:49:19.344,8.67073,8.70998,1.00,1.00
2016.12.26 15:49:19.605,8.67132,8.70998,1.50,1.00
2016.12.26 15:49:19.840,8.67093,8.70998,1.00,1.00
2016.12.26 15:49:19.941,8.67072,8.70998,1.00,1.00
2016.12.26 15:49:20.265,8.67102,8.70998,1.00,1.00
2016.12.26 15:49:20.601,8.67112,8.70998,1.50,1.00
2016.12.26 15:49:21.163,8.67073,8.70997,1.00,1.00
2016.12.26 15:49:21.823,8.67092,8.70997,2.25,1.00
2016.12.26 15:49:21.968,8.67073,8.70997,1.00,1.00
2016.12.26 15:49:22.823,8.67092,8.70997,2.25,1.00
2016.12.26 15:49:23.160,8.67132,8.70998,1.50,1.00
2016.12.26 15:49:23.323,8.67092,8.70998,1.00,1.00
2016.12.26 15:49:23.374,8.67074,8.70997,1.00,1.00
2016.12.26 15:49:23.425,8.67092,8.70997,1.50,1.00
2016.12.26 15:49:23.526,8.67074,8.70997,1.00,1.00
2016.12.26 15:49:24.328,8.67092,8.70997,2.25,1.00
2016.12.26 15:49:24.573,8.67074,8.70997,1.00,1.00
2016.12.26 15:49:26.638,8.67102,8.70997,1.00,1.00
2016.12.26 15:49:26.969,8.67112,8.70998,1.50,1.00
2016.12.26 15:49:27.512,8.67133,8.70998,2.25,1.00
2016.12.26 15:49:27.851,8.67072,8.70997,2.25,1.00
2016.12.26 15:49:28.356,8.67093,8.70998,2.25,1.00
2016.12.26 15:49:28.507,8.67073,8.70998,1.00,1.00
2016.12.26 15:49:29.324,8.67092,8.70998,2.25,1.00
2016.12.26 15:49:29.665,8.67132,8.70998,1.50,1.00
2016.12.26 15:49:30.074,8.67572,8.70997,1.00,1.00
2016.12.26 15:49:30.616,8.67572,8.70998,1.00,1.00
2016.12.26 15:49:31.688,8.67573,8.70998,1.00,1.00
2016.12.26 15:49:32.226,8.67572,8.70998,1.00,1.00
2016.12.26 15:49:32.757,8.67513,8.70997,2.25,1.00
2016.12.26 15:49:33.662,8.67512,8.70997,1.50,1.00
2016.12.26 15:49:36.567,8.67513,8.70997,1.00,1.00
2016.12.26 15:49:39.606,8.67512,8.70998,1.00,1.00
2016.12.26 15:49:40.640,8.67513,8.70998,1.50,1.00
2016.12.26 15:49:42.781,8.67513,8.70997,1.00,1.00
2016.12.26 15:49:44.134,8.67512,8.70998,1.50,1.00
2016.12.26 15:49:52.796,8.67513,8.70998,1.50,1.00
2016.12.26 15:49:55.599,8.67512,8.70998,1.00,1.00
2016.12.26 15:49:56.328,8.67573,8.70998,1.50,1.00
2016.12.26 15:49:56.978,8.67573,8.70997,1.50,1.00
2016.12.26 15:49:57.746,8.67572,8.70997,1.50,1.00
2016.12.26 15:49:58.827,8.67513,8.70997,1.50,1.00
2016.12.26 15:49:59.557,8.67514,8.70997,1.00,1.00
2016.12.26 15:50:00.161,8.67573,8.70997,1.50,1.00
2016.12.26 15:50:00.680,8.67573,8.70998,1.50,1.00
2016.12.26 15:50:01.742,8.67512,8.70998,2.25,1.00
2016.12.26 15:50:24.863,8.67072,8.70998,1.00,1.00
2016.12.26 15:50:24.964,8.67016,8.70997,1.00,1.00
2016.12.26 15:50:25.014,8.67302,8.70997,1.00,1.00
2016.12.26 15:50:25.330,8.67372,8.70997,1.50,1.00
2016.12.26 15:50:25.481,8.67312,8.70998,2.25,1.00
2016.12.26 15:50:25.582,8.67252,8.70998,1.00,1.00
2016.12.26 15:50:25.653,8.67173,8.70997,1.00,1.00
2016.12.26 15:50:25.754,8.67153,8.70997,1.00,1.00
2016.12.26 15:50:26.076,8.67172,8.70997,1.50,1.00
2016.12.26 15:50:26.272,8.67153,8.70997,0.75,1.00
2016.12.26 15:50:26.322,8.67172,8.70997,1.00,1.00
2016.12.26 15:50:26.373,8.67062,8.70998,1.00,1.00
2016.12.26 15:50:26.476,8.67072,8.70998,1.00,1.00
2016.12.26 15:50:27.056,8.67103,8.70998,1.00,1.00
2016.12.26 15:50:27.107,8.67072,8.70998,1.50,1.00
2016.12.26 15:50:27.158,8.67102,8.70998,1.00,1.00
2016.12.26 15:50:27.478,8.67073,8.70998,1.00,1.00
2016.12.26 15:50:27.629,8.67102,8.70998,1.00,1.00
2016.12.26 15:50:28.064,8.67113,8.70996,1.50,1.00
2016.12.26 15:50:28.165,8.67073,8.70997,1.00,1.00
2016.12.26 15:50:28.676,8.67072,8.70998,1.50,1.00
2016.12.26 15:50:28.862,8.67092,8.70998,1.50,1.00
2016.12.26 15:50:29.076,8.67072,8.70998,1.50,1.00
2016.12.26 15:50:29.624,8.67133,8.70998,1.50,1.00
2016.12.26 15:50:29.862,8.67092,8.70998,1.00,1.00
2016.12.26 15:50:29.913,8.67072,8.70998,3.00,1.00
2016.12.26 15:50:30.511,8.67073,8.70998,1.50,1.00
2016.12.26 15:50:30.562,8.67102,8.70998,1.00,1.00
2016.12.26 15:50:30.635,8.67073,8.70998,1.50,1.00
2016.12.26 15:50:30.840,8.67092,8.70998,2.25,1.00
2016.12.26 15:50:31.182,8.67132,8.70998,1.50,1.00
2016.12.26 15:50:31.363,8.67072,8.70998,3.00,1.00
2016.12.26 15:50:31.931,8.67073,8.70998,1.50,1.00
2016.12.26 15:50:34.091,8.67132,8.70998,1.50,1.00
2016.12.26 15:50:34.321,8.67072,8.70998,3.00,1.00
2016.12.26 15:50:35.011,8.67073,8.70998,1.50,1.00
2016.12.26 15:50:35.800,8.67074,8.70997,1.00,1.00
2016.12.26 15:50:36.828,8.67092,8.70997,2.25,1.00
2016.12.26 15:50:37.151,8.67132,8.70997,1.50,1.00
2016.12.26 15:50:37.362,8.67072,8.70997,2.25,1.00
2016.12.26 15:50:38.342,8.67092,8.70997,2.25,1.00
2016.12.26 15:50:38.688,8.67113,8.70997,1.50,1.00
2016.12.26 15:50:39.076,8.67572,8.70998,1.00,1.00
2016.12.26 15:50:40.686,8.67573,8.70998,1.00,1.00
2016.12.26 15:50:41.325,8.67572,8.70998,1.50,1.00
2016.12.26 15:50:41.757,8.67512,8.70998,2.25,1.00
2016.12.26 15:50:45.599,8.67513,8.70998,1.00,1.00
2016.12.26 15:50:46.998,8.67513,8.70997,1.50,1.00
2016.12.26 15:50:48.702,8.67512,8.70998,1.00,1.00
2016.12.26 15:50:49.558,8.67512,8.70997,1.50,1.00
2016.12.26 15:50:51.806,8.67512,8.70998,1.00,1.00
2016.12.26 15:50:52.643,8.67513,8.70998,1.50,1.00
2016.12.26 15:50:53.407,8.67513,8.70997,1.00,1.00
2016.12.26 15:50:55.033,8.67062,8.70997,1.00,1.00
2016.12.26 15:50:55.134,8.67013,8.70998,1.50,1.00
2016.12.26 15:50:55.184,8.67302,8.70998,1.00,1.00
2016.12.26 15:50:55.601,8.67313,8.70997,1.50,1.00
2016.12.26 15:50:55.753,8.67142,8.70997,1.00,1.00
2016.12.26 15:50:55.854,8.66853,8.70998,2.25,1.00
2016.12.26 15:50:55.905,8.67102,8.70998,1.00,1.00
2016.12.26 15:50:56.112,8.67072,8.70998,1.00,1.00
2016.12.26 15:50:56.163,8.67102,8.70998,1.00,1.00
2016.12.26 15:50:56.551,8.67112,8.70998,1.00,1.00
2016.12.26 15:50:56.755,8.67072,8.70998,1.50,1.00
2016.12.26 15:50:57.076,8.67092,8.70998,2.25,1.00
2016.12.26 15:50:57.191,8.67072,8.70998,1.50,1.00
2016.12.26 15:50:58.363,8.67132,8.70998,1.00,1.00
2016.12.26 15:50:58.611,8.67072,8.70998,2.25,1.00
2016.12.26 15:50:58.825,8.67092,8.70997,2.25,1.00
2016.12.26 15:50:59.075,8.67072,8.70997,1.50,1.00
2016.12.26 15:50:59.856,8.67132,8.70997,1.50,1.00
2016.12.26 15:51:00.113,8.67072,8.70998,3.00,1.00
2016.12.26 15:51:00.163,8.67153,8.70996,1.00,1.00
2016.12.26 15:51:00.217,8.67072,8.70998,1.00,1.00
2016.12.26 15:51:00.337,8.67092,8.70998,2.25,1.00
2016.12.26 15:51:00.656,8.67133,8.70998,1.50,1.00
2016.12.26 15:51:00.868,8.67072,8.70998,3.00,1.00
2016.12.26 15:51:01.825,8.67092,8.70998,2.25,1.00
2016.12.26 15:51:02.155,8.67132,8.70998,1.50,1.00
2016.12.26 15:51:02.320,8.67073,8.70998,3.00,1.00
2016.12.26 15:51:03.051,8.67072,8.70998,1.50,1.00
2016.12.26 15:51:03.152,8.67133,8.70998,1.50,1.00
2016.12.26 15:51:03.371,8.67073,8.70997,3.00,1.00
2016.12.26 15:51:04.062,8.67143,8.70997,1.00,1.00
2016.12.26 15:51:04.112,8.67073,8.70997,1.50,1.00
2016.12.26 15:51:04.163,8.67152,8.70998,1.00,1.00
2016.12.26 15:51:04.264,8.67073,8.70998,1.00,1.00
2016.12.26 15:51:04.372,8.67092,8.70998,2.25,1.00
2016.12.26 15:51:04.722,8.67132,8.70997,1.50,1.00
2016.12.26 15:51:04.873,8.67072,8.70997,3.00,1.00
2016.12.26 15:51:05.460,8.67072,8.70998,1.50,1.00
2016.12.26 15:51:06.110,8.67132,8.70998,1.50,1.00
2016.12.26 15:51:06.780,8.67132,8.70997,2.25,1.00
2016.12.26 15:51:07.102,8.67072,8.70997,3.00,1.00
2016.12.26 15:51:07.326,8.67092,8.70998,2.25,1.00
2016.12.26 15:51:07.727,8.67132,8.70998,1.50,1.00
2016.12.26 15:51:08.029,8.67623,8.70977,1.00,1.00
2016.12.26 15:51:08.133,8.67632,8.70988,1.00,1.00
2016.12.26 15:51:10.781,8.67662,8.70988,1.00,1.00
2016.12.26 15:51:11.115,8.67673,8.70987,1.00,1.00
2016.12.26 15:51:11.281,8.67662,8.70988,1.00,1.00
2016.12.26 15:51:11.337,8.67673,8.70988,1.00,1.00
2016.12.26 15:51:11.776,8.67662,8.70987,1.00,1.00
2016.12.26 15:51:11.838,8.67673,8.70986,1.00,1.00
2016.12.26 15:51:15.076,8.67652,8.70988,1.00,1.00
2016.12.26 15:51:15.127,8.67662,8.70988,1.00,1.00
2016.12.26 15:51:15.544,8.67672,8.70988,1.00,1.00
2016.12.26 15:51:18.552,8.67672,8.70987,1.00,1.00
2016.12.26 15:51:22.551,8.67672,8.70988,1.50,1.00
2016.12.26 15:51:28.808,8.67673,8.70988,1.00,1.00
2016.12.26 15:51:29.558,8.67672,8.70987,1.50,1.00
2016.12.26 15:51:32.107,8.67673,8.70987,1.00,1.00
2016.12.26 15:51:35.615,8.67672,8.70987,1.00,1.00
2016.12.26 15:51:36.159,8.67673,8.70987,1.50,1.00
2016.12.26 15:51:39.077,8.67672,8.70988,1.00,1.00
2016.12.26 15:51:39.582,8.67772,8.70988,1.00,1.00
2016.12.26 15:51:39.892,8.67772,8.70986,1.00,1.00
2016.12.26 15:51:41.440,8.67713,8.70986,1.00,1.00
2016.12.26 15:51:41.576,8.67672,8.70988,1.50,1.00
2016.12.26 15:51:42.727,8.67673,8.70988,1.00,1.00
2016.12.26 15:51:44.161,8.67672,8.70988,1.50,1.00
2016.12.26 15:51:46.149,8.67672,8.70987,1.00,1.00
2016.12.26 15:51:46.724,8.67673,8.70987,1.50,1.00
2016.12.26 15:51:49.582,8.67702,8.70987,1.00,1.00
2016.12.26 15:51:49.829,8.67672,8.70987,1.00,1.00
2016.12.26 15:51:53.191,8.67672,8.70988,1.00,1.00
2016.12.26 15:51:53.693,8.67673,8.70987,1.50,1.00
2016.12.26 15:51:56.697,8.67672,8.70987,1.00,1.00
2016.12.26 15:51:57.199,8.67673,8.70988,1.50,1.00
2016.12.26 15:51:57.600,8.67673,8.70986,1.00,1.00
2016.12.26 15:51:57.700,8.67672,8.70988,1.50,1.00
2016.12.26 15:51:57.825,8.67772,8.70988,1.50,1.00
2016.12.26 15:52:00.880,8.67712,8.70988,1.50,1.00
2016.12.26 15:52:01.032,8.67672,8.70988,1.00,1.00
2016.12.26 15:52:01.133,8.67662,8.70988,1.00,1.00
2016.12.26 15:52:01.205,8.67672,8.70988,1.00,1.00
2016.12.26 15:52:01.506,8.67732,8.70988,1.00,1.00
2016.12.26 15:52:01.556,8.67673,8.70988,1.50,1.00
2016.12.26 15:52:02.155,8.67673,8.70987,1.00,1.00
2016.12.26 15:52:04.226,8.67662,8.70987,1.00,1.00
2016.12.26 15:52:04.313,8.67672,8.70988,1.00,1.00
2016.12.26 15:52:04.956,8.67662,8.70988,1.00,1.00
2016.12.26 15:52:05.015,8.67673,8.70987,1.00,1.00
2016.12.26 15:52:05.356,8.67663,8.70988,1.00,1.00
2016.12.26 15:52:05.457,8.67672,8.70988,1.00,1.00
2016.12.26 15:52:07.526,8.67662,8.70988,1.00,1.00
2016.12.26 15:52:07.621,8.67673,8.70988,1.00,1.00
2016.12.26 15:52:08.256,8.67662,8.70987,1.00,1.00
2016.12.26 15:52:08.357,8.67672,8.70988,1.00,1.00
2016.12.26 15:52:08.931,8.67652,8.70987,1.00,1.00
2016.12.26 15:52:08.981,8.67662,8.70987,1.00,1.00
2016.12.26 15:52:09.560,8.67672,8.70988,1.00,1.00
2016.12.26 15:52:11.672,8.67662,8.70988,1.00,1.00
2016.12.26 15:52:11.727,8.67673,8.70987,1.00,1.00
2016.12.26 15:52:12.331,8.67772,8.70987,1.00,1.00
2016.12.26 15:52:12.578,8.67714,8.70987,1.00,1.00
2016.12.26 15:52:12.728,8.67672,8.70988,1.00,1.00
2016.12.26 15:52:14.576,8.67663,8.70988,1.00,1.00
2016.12.26 15:52:14.673,8.67672,8.70988,1.00,1.00
2016.12.26 15:52:15.041,8.67653,8.70988,1.50,1.00
2016.12.26 15:52:15.097,8.67662,8.70988,1.00,1.00
2016.12.26 15:52:15.710,8.67672,8.70988,1.00,1.00
2016.12.26 15:52:15.861,8.67662,8.70987,1.00,1.00
2016.12.26 15:52:15.932,8.67672,8.70987,1.00,1.00
2016.12.26 15:52:17.861,8.67772,8.70988,1.00,1.00
2016.12.26 15:52:18.081,8.67712,8.70988,1.00,1.00
2016.12.26 15:52:18.182,8.67672,8.70988,1.00,1.00
2016.12.26 15:52:18.571,8.67662,8.70988,1.00,1.00
2016.12.26 15:52:18.635,8.67672,8.70988,1.00,1.00
2016.12.26 15:52:21.380,8.67663,8.70987,1.00,1.00
2016.12.26 15:52:21.441,8.67673,8.70988,1.00,1.00
2016.12.26 15:52:22.056,8.67662,8.70988,1.00,1.00
2016.12.26 15:52:22.142,8.67672,8.70988,1.00,1.00
2016.12.26 15:52:22.746,8.67662,8.70988,1.00,1.00
2016.12.26 15:52:22.843,8.67672,8.70988,1.00,1.00
2016.12.26 15:52:26.285,8.67662,8.70987,1.00,1.00
2016.12.26 15:52:26.378,8.67673,8.70988,1.00,1.00
2016.12.26 15:52:28.374,8.67652,8.70988,1.00,1.00
2016.12.26 15:52:28.425,8.67663,8.70988,1.00,1.00
2016.12.26 15:52:29.050,8.67672,8.70988,1.00,1.00
2016.12.26 15:52:29.275,8.67653,8.70988,1.50,1.00
2016.12.26 15:52:29.326,8.67663,8.70988,1.00,1.00
2016.12.26 15:52:29.890,8.67673,8.70988,1.00,1.00
2016.12.26 15:52:33.603,8.67662,8.70988,1.00,1.00
2016.12.26 15:52:33.659,8.67673,8.70988,1.00,1.00
2016.12.26 15:52:34.481,8.67663,8.70987,1.00,1.00
2016.12.26 15:52:34.610,8.67672,8.70988,1.00,1.00
2016.12.26 15:52:35.276,8.67662,8.70988,1.00,1.00
2016.12.26 15:52:35.381,8.67673,8.70986,1.00,1.00
2016.12.26 15:52:35.583,8.67147,8.71057,1.00,1.00
2016.12.26 15:52:35.634,8.67051,8.71057,1.00,1.00
2016.12.26 15:52:35.785,8.67032,8.71058,1.00,1.00
2016.12.26 15:52:35.987,8.67462,8.71058,1.00,1.00
2016.12.26 15:52:36.290,8.67472,8.71058,1.00,1.00
2016.12.26 15:52:36.512,8.67463,8.71058,1.00,1.00
2016.12.26 15:52:36.565,8.67473,8.71057,1.00,1.00
2016.12.26 15:52:36.875,8.67572,8.71057,1.00,1.00
2016.12.26 15:52:36.926,8.67473,8.71057,1.00,1.00
2016.12.26 15:52:36.976,8.67513,8.71057,0.75,1.00
2016.12.26 15:52:37.077,8.67302,8.71057,2.25,1.00
2016.12.26 15:52:37.189,8.67312,8.71058,1.00,1.00
2016.12.26 15:52:37.575,8.67372,8.71058,1.50,1.00
2016.12.26 15:52:37.626,8.67312,8.71058,1.00,1.00
2016.12.26 15:52:37.727,8.67142,8.71058,1.00,1.00
2016.12.26 15:52:37.777,8.67153,8.71056,1.00,1.00
2016.12.26 15:52:38.686,8.67062,8.71058,1.00,1.00
2016.12.26 15:52:38.790,8.67073,8.71058,1.00,1.00
2016.12.26 15:52:39.126,8.67132,8.71057,1.50,1.00
2016.12.26 15:52:39.371,8.67072,8.71058,3.00,1.00
2016.12.26 15:52:39.918,8.67073,8.71058,1.50,1.00
2016.12.26 15:52:40.057,8.67103,8.71058,1.00,1.00
2016.12.26 15:52:40.362,8.67112,8.71058,1.50,1.00
2016.12.26 15:52:40.413,8.67072,8.71058,2.25,1.00
2016.12.26 15:52:40.940,8.67682,8.71058,0.75,1.00
2016.12.26 15:52:41.720,8.67732,8.71008,1.00,1.00
2016.12.26 15:52:44.327,8.67742,8.71008,1.00,1.00
2016.12.26 15:52:44.661,8.67732,8.71008,1.00,1.00
2016.12.26 15:52:44.762,8.67742,8.71007,1.00,1.00
2016.12.26 15:52:45.345,8.67742,8.71008,1.00,1.00
2016.12.26 15:52:46.680,8.67732,8.71008,1.00,1.00
2016.12.26 15:52:46.731,8.67742,8.71008,1.00,1.00
2016.12.26 15:52:47.121,8.67732,8.71008,1.00,1.00
2016.12.26 15:52:47.222,8.67742,8.71008,1.00,1.00
2016.12.26 15:52:47.574,8.67732,8.71008,1.00,1.00
2016.12.26 15:52:47.675,8.67742,8.71008,1.00,1.00
2016.12.26 15:52:48.079,8.67732,8.71007,1.00,1.00
2016.12.26 15:52:48.145,8.67893,8.71007,1.00,1.00
2016.12.26 15:52:48.195,8.67742,8.71008,1.00,1.00
2016.12.26 15:52:49.176,8.67742,8.71007,1.00,1.00
2016.12.26 15:52:50.032,8.67732,8.71007,1.00,1.00
2016.12.26 15:52:50.203,8.67743,8.71007,1.00,1.00
2016.12.26 15:52:50.785,8.67753,8.71007,1.00,1.00
2016.12.26 15:52:51.228,8.67732,8.71007,1.00,1.00
2016.12.26 15:52:51.278,8.67742,8.71007,1.00,1.00
2016.12.26 15:52:51.886,8.67752,8.71007,1.00,1.00
2016.12.26 15:52:52.235,8.67892,8.71007,1.50,1.00
2016.12.26 15:52:53.125,8.67893,8.71007,1.00,1.00
2016.12.26 15:52:53.275,8.67823,8.71007,1.00,1.00
2016.12.26 15:52:53.326,8.67782,8.71008,1.00,1.00
2016.12.26 15:52:53.427,8.67742,8.71008,1.00,1.00
2016.12.26 15:52:53.824,8.67812,8.71008,1.50,1.00
2016.12.26 15:52:54.130,8.67752,8.71008,1.00,1.00
2016.12.26 15:52:54.397,8.67742,8.71007,1.00,1.00
2016.12.26 15:52:54.448,8.67732,8.71007,1.00,1.00
2016.12.26 15:52:54.543,8.67742,8.71008,1.00,1.00
2016.12.26 15:52:55.091,8.67753,8.71007,1.00,1.00
2016.12.26 15:52:56.410,8.67742,8.71007,1.00,1.00
2016.12.26 15:52:56.993,8.67742,8.71008,1.00,1.00
2016.12.26 15:52:57.304,8.67732,8.71008,1.00,1.00
2016.12.26 15:52:57.355,8.67892,8.71008,1.00,1.00
2016.12.26 15:52:57.405,8.67742,8.71008,1.00,1.00
2016.12.26 15:52:57.824,8.67892,8.71008,1.50,1.00
2016.12.26 15:52:57.875,8.67742,8.71008,1.00,1.00
2016.12.26 15:52:58.395,8.67752,8.71008,1.00,1.00
2016.12.26 15:52:59.710,8.67742,8.71008,1.00,1.00
2016.12.26 15:53:00.725,8.67732,8.71008,1.00,1.00
2016.12.26 15:53:00.794,8.67742,8.71008,1.00,1.00
2016.12.26 15:53:01.110,8.67742,8.71006,1.00,1.00
2016.12.26 15:53:01.189,8.67732,8.71006,1.00,1.00
2016.12.26 15:53:01.290,8.67743,8.71006,1.00,1.00
2016.12.26 15:53:01.341,8.67743,8.71008,1.00,1.00
2016.12.26 15:53:01.676,8.67732,8.71008,1.00,1.00
2016.12.26 15:53:01.777,8.67742,8.71007,1.00,1.00
2016.12.26 15:53:03.632,8.67732,8.71007,1.00,1.00
2016.12.26 15:53:03.733,8.67743,8.71006,1.00,1.00
2016.12.26 15:53:03.803,8.67743,8.71008,1.00,1.00
2016.12.26 15:53:04.074,8.67732,8.71008,1.00,1.00
2016.12.26 15:53:04.130,8.67742,8.71008,1.00,1.00
2016.12.26 15:53:04.614,8.67732,8.71008,1.00,1.00
2016.12.26 15:53:04.673,8.67742,8.71008,1.00,1.00
2016.12.26 15:53:05.076,8.67732,8.71008,1.00,1.00
2016.12.26 15:53:05.177,8.67742,8.71008,1.00,1.00
2016.12.26 15:53:07.075,8.67732,8.71008,1.00,1.00
2016.12.26 15:53:07.136,8.67742,8.71008,1.00,1.00
2016.12.26 15:53:07.488,8.67732,8.71007,1.00,1.00
2016.12.26 15:53:07.588,8.67743,8.71007,1.00,1.00
2016.12.26 15:53:07.976,8.67732,8.71007,1.00,1.00
2016.12.26 15:53:08.027,8.67742,8.71007,1.00,1.00
2016.12.26 15:53:08.408,8.67732,8.71008,1.00,1.00
2016.12.26 15:53:08.509,8.67742,8.71008,1.00,1.00
2016.12.26 15:53:09.180,8.67742,8.71007,1.00,1.00
2016.12.26 15:53:10.333,8.67732,8.71007,1.00,1.00
2016.12.26 15:53:10.434,8.67742,8.71007,1.00,1.00
2016.12.26 15:53:10.826,8.67732,8.71008,1.00,1.00
2016.12.26 15:53:10.933,8.67743,8.71008,1.00,1.00
2016.12.26 15:53:11.348,8.67732,8.71008,2.25,1.00
2016.12.26 15:53:11.449,8.67742,8.71007,1.00,1.00
2016.12.26 15:53:11.770,8.67753,8.71008,1.00,1.00
2016.12.26 15:53:11.926,8.67742,8.71007,1.00,1.00
2016.12.26 15:53:12.015,8.67752,8.71007,1.00,1.00
2016.12.26 15:53:13.905,8.67742,8.71007,1.00,1.00
2016.12.26 15:53:13.956,8.67752,8.71007,1.00,1.00
2016.12.26 15:53:14.343,8.67743,8.71008,1.00,1.00
2016.12.26 15:53:14.419,8.67752,8.71008,1.00,1.00
2016.12.26 15:53:14.865,8.67742,8.71007,1.00,1.00
2016.12.26 15:53:14.919,8.67753,8.71008,1.00,1.00
2016.12.26 15:53:17.225,8.67742,8.71007,1.00,1.00
2016.12.26 15:53:17.323,8.67752,8.71008,1.00,1.00
2016.12.26 15:53:17.650,8.67733,8.71008,1.00,1.00
2016.12.26 15:53:17.701,8.67743,8.71008,1.00,1.00
2016.12.26 15:53:18.042,8.67752,8.71008,1.00,1.00
2016.12.26 15:53:18.154,8.67742,8.71007,1.00,1.00
2016.12.26 15:53:18.225,8.67752,8.71008,1.00,1.00
2016.12.26 15:53:18.646,8.67742,8.71007,1.00,1.00
2016.12.26 15:53:18.726,8.67753,8.71007,1.00,1.00
2016.12.26 15:53:21.455,8.67733,8.71008,1.50,1.00
2016.12.26 15:53:21.506,8.67742,8.71008,1.00,1.00
2016.12.26 15:53:21.830,8.67752,8.71008,1.00,1.00
2016.12.26 15:53:21.953,8.67732,8.71008,2.25,1.00
2016.12.26 15:53:22.003,8.67743,8.71008,1.00,1.00
2016.12.26 15:53:22.330,8.67752,8.71007,1.00,1.00
2016.12.26 15:53:23.976,8.67743,8.71008,1.00,1.00
2016.12.26 15:53:24.033,8.67752,8.71008,1.00,1.00
2016.12.26 15:53:24.480,8.67742,8.71008,1.00,1.00
2016.12.26 15:53:24.589,8.67753,8.71008,1.00,1.00
2016.12.26 15:53:24.966,8.67742,8.71007,1.00,1.00
2016.12.26 15:53:25.063,8.67752,8.71008,1.00,1.00
2016.12.26 15:53:25.462,8.67743,8.71008,1.00,1.00
2016.12.26 15:53:25.537,8.67752,8.71008,1.00,1.00
2016.12.26 15:53:27.377,8.67742,8.71006,1.00,1.00
2016.12.26 15:53:27.439,8.67752,8.71007,1.00,1.00
2016.12.26 15:53:27.878,8.67742,8.71008,1.00,1.00
2016.12.26 15:53:27.940,8.67752,8.71008,1.00,1.00
2016.12.26 15:53:28.367,8.67743,8.71008,1.00,1.00
2016.12.26 15:53:28.468,8.67752,8.71007,1.00,1.00
2016.12.26 15:53:30.776,8.67742,8.71007,1.00,1.00
2016.12.26 15:53:30.844,8.67754,8.71006,1.00,1.00
2016.12.26 15:53:31.249,8.67743,8.71008,1.00,1.00
2016.12.26 15:53:31.345,8.67753,8.71008,1.00,1.00
2016.12.26 15:53:32.190,8.67742,8.71007,1.00,1.00
2016.12.26 15:53:32.246,8.67752,8.71008,1.00,1.00
2016.12.26 15:53:34.567,8.67742,8.71008,1.00,1.00
2016.12.26 15:53:34.680,8.67752,8.71007,1.00,1.00
2016.12.26 15:53:37.464,8.67733,8.71008,1.00,1.00
2016.12.26 15:53:37.528,8.67742,8.71008,1.00,1.00
2016.12.26 15:53:37.926,8.67752,8.71007,1.00,1.00
2016.12.26 15:53:38.077,8.67742,8.71008,1.00,1.00
2016.12.26 15:53:38.155,8.67752,8.71007,1.00,1.00
2016.12.26 15:53:38.565,8.67742,8.71008,1.00,1.00
2016.12.26 15:53:38.656,8.67752,8.71008,1.00,1.00
2016.12.26 15:53:39.105,8.67743,8.71008,1.00,1.00
2016.12.26 15:53:39.156,8.67753,8.71006,1.00,1.00
2016.12.26 15:53:40.884,8.67742,8.71008,1.00,1.00
2016.12.26 15:53:40.959,8.67754,8.71007,1.00,1.00
2016.12.26 15:53:41.383,8.67743,8.71008,1.00,1.00
2016.12.26 15:53:41.460,8.67753,8.71008,1.00,1.00
2016.12.26 15:53:41.883,8.67742,8.71008,1.00,1.00
2016.12.26 15:53:41.962,8.67753,8.71007,1.00,1.00
2016.12.26 15:53:44.083,8.67802,8.71007,1.00,1.00
2016.12.26 15:53:44.602,8.67802,8.71008,1.00,1.00
2016.12.26 15:53:48.977,8.67802,8.71007,1.00,1.00
2016.12.26 15:53:50.682,8.67802,8.71008,1.00,1.00
2016.12.26 15:53:51.683,8.67802,8.71006,1.00,1.00
2016.12.26 15:53:52.196,8.67802,8.71008,1.00,1.00
2016.12.26 15:53:53.051,8.67802,8.71007,1.00,1.00
2016.12.26 15:53:53.984,8.67802,8.71008,1.00,1.00
2016.12.26 15:53:54.520,8.67802,8.71007,1.00,1.00
2016.12.26 15:53:55.033,8.67802,8.71008,1.00,1.00
2016.12.26 15:53:57.826,8.67802,8.71007,1.00,1.00
2016.12.26 15:53:58.333,8.67802,8.71008,1.00,1.00
2016.12.26 15:54:05.416,8.67802,8.71007,1.00,1.00
2016.12.26 15:54:07.051,8.67802,8.71008,1.00,1.00
2016.12.26 15:54:07.608,8.67802,8.71007,1.00,1.00
2016.12.26 15:54:08.386,8.67802,8.71008,1.00,1.00
2016.12.26 15:54:08.902,8.67802,8.71007,1.00,1.00
2016.12.26 15:54:10.735,8.67802,8.71008,1.00,1.00
2016.12.26 15:54:12.064,8.67802,8.71007,1.00,1.00
2016.12.26 15:54:12.572,8.67802,8.71008,1.00,1.00
2016.12.26 15:54:14.034,8.67802,8.71007,1.00,1.00
2016.12.26 15:54:14.733,8.67802,8.71008,1.00,1.00
2016.12.26 15:54:18.459,8.67802,8.71007,1.00,1.00
2016.12.26 15:54:21.633,8.67802,8.71008,1.00,1.00
2016.12.26 15:54:24.763,8.67802,8.71007,1.00,1.00
2016.12.26 15:54:25.483,8.67802,8.71008,1.00,1.00
2016.12.26 15:54:28.349,8.67802,8.71007,1.00,1.00
2016.12.26 15:54:29.284,8.67802,8.71008,1.00,1.00
2016.12.26 15:54:29.824,8.67802,8.71007,1.00,1.00
2016.12.26 15:54:32.195,8.67802,8.71008,1.00,1.00
2016.12.26 15:54:32.784,8.67802,8.71007,1.00,1.00
2016.12.26 15:54:33.329,8.67802,8.71008,1.00,1.00
2016.12.26 15:54:36.199,8.67802,8.71007,1.00,1.00
2016.12.26 15:54:38.279,8.67802,8.71008,1.00,1.00
2016.12.26 15:54:39.274,8.67802,8.71007,1.00,1.00
2016.12.26 15:54:39.789,8.67802,8.71008,1.00,1.00
2016.12.26 15:54:42.100,8.67893,8.71008,1.00,1.00
2016.12.26 15:54:42.336,8.67833,8.71007,1.00,1.00
2016.12.26 15:54:42.472,8.67802,8.71008,1.00,1.00
2016.12.26 15:54:43.206,8.67802,8.71007,1.00,1.00
2016.12.26 15:54:44.200,8.67802,8.71008,1.00,1.00
2016.12.26 15:54:45.705,8.67802,8.71007,1.00,1.00
2016.12.26 15:54:46.230,8.67802,8.71008,1.00,1.00
2016.12.26 15:54:52.227,8.67802,8.71006,1.00,1.00
2016.12.26 15:54:52.328,8.67802,8.71008,1.00,1.00
2016.12.26 15:54:53.602,8.67802,8.71007,1.00,1.00
2016.12.26 15:54:54.202,8.67802,8.71008,1.00,1.00
2016.12.26 15:54:55.527,8.67802,8.71007,1.00,1.00
2016.12.26 15:54:56.096,8.67802,8.71008,1.00,1.00
2016.12.26 15:55:00.303,8.67802,8.71006,1.00,1.00
2016.12.26 15:55:01.039,8.67802,8.71008,1.00,1.00
2016.12.26 15:55:01.767,8.67802,8.71007,1.00,1.00
2016.12.26 15:55:03.956,8.67802,8.71008,1.00,1.00
2016.12.26 15:55:05.055,8.67802,8.71007,1.00,1.00
2016.12.26 15:55:05.268,8.67812,8.71007,1.00,1.00
2016.12.26 15:55:05.570,8.68243,8.70937,0.75,1.00
2016.12.26 15:55:11.765,8.69267,8.70937,1.00,1.00
2016.12.26 15:55:12.131,8.69322,8.70938,1.00,1.00
2016.12.26 15:55:44.533,8.69322,8.70978,1.00,1.00
2016.12.26 15:55:45.068,8.69323,8.70977,1.00,1.50
2016.12.26 15:55:47.201,8.69323,8.70976,1.00,1.00
2016.12.26 15:56:01.934,8.69322,8.70978,1.00,1.50
2016.12.26 15:56:19.853,8.69324,8.70977,1.00,1.00
2016.12.26 15:56:26.495,8.69322,8.70928,0.75,0.75
2016.12.26 15:56:27.161,8.69324,8.70977,0.75,1.00
2016.12.26 15:57:27.243,8.68066,8.71218,1.00,1.00
2016.12.26 15:57:28.103,8.68042,8.71218,1.00,1.00
2016.12.26 15:57:30.170,8.68042,8.71108,1.00,1.00
2016.12.26 15:57:30.508,8.68173,8.71108,1.00,1.00
2016.12.26 15:57:31.262,8.68192,8.71108,1.00,1.00
2016.12.26 15:57:31.740,8.68229,8.71108,1.00,1.00
2016.12.26 15:57:32.040,8.68192,8.71108,1.00,1.00
2016.12.26 15:57:33.041,8.68395,8.71108,1.00,1.00
