2009.02.25 02:00:10.909,6.80985,6.8212,1.60,1.00
2009.02.25 02:00:11.409,6.80985,6.821,1.60,1.00
2009.02.25 02:00:14.608,6.80985,6.82115,1.60,1.00
2009.02.25 02:00:14.838,6.8104,6.82115,1.60,1.00
2009.02.25 02:00:29.264,6.80985,6.82095,1.60,1.00
2009.02.25 02:00:29.784,6.80985,6.82075,1.60,1.00
2009.02.25 02:00:30.084,6.80935,6.8203,1.60,1.00
2009.02.25 02:00:30.434,6.8088,6.8199,1.60,1.00
2009.02.25 02:00:34.563,6.8088,6.8197,1.60,1.00
2009.02.25 02:00:40.482,6.8028,6.8197,1.60,1.00
2009.02.25 02:00:41.061,6.80725,6.8194,1.60,1.00
2009.02.25 02:00:48.869,6.80825,6.8196,1.60,1.00
2009.02.25 02:00:54.078,6.8088,6.8196,1.60,1.00
2009.02.25 02:00:54.308,6.8088,6.8197,1.60,1.00
2009.02.25 02:00:59.067,6.8088,6.8199,1.60,1.00
2009.02.25 02:00:59.187,6.8088,6.8164,1.60,2.00
2009.02.25 02:01:01.437,6.8088,6.8162,1.60,2.00
2009.02.25 02:01:03.336,6.80935,6.8165,1.60,2.00
2009.02.25 02:01:03.446,6.80935,6.8162,1.60,2.00
2009.02.25 02:01:04.296,6.80935,6.8168,1.60,2.00
2009.02.25 02:01:04.756,6.80935,6.8162,1.60,2.00
2009.02.25 02:01:05.496,6.80935,6.8165,1.60,2.00
2009.02.25 02:01:05.896,6.80935,6.8162,1.60,2.00
2009.02.25 02:01:06.605,6.80935,6.8165,1.60,2.00
2009.02.25 02:01:07.125,6.80935,6.8162,1.60,2.00
2009.02.25 02:01:13.953,6.80935,6.8168,1.60,2.00
2009.02.25 02:01:14.343,6.8095,6.817,1.00,2.00
2009.02.25 02:01:15.083,6.80985,6.817,1.60,2.00
2009.02.25 02:01:16.033,6.80985,6.8173,1.60,2.00
2009.02.25 02:01:17.313,6.8104,6.8173,1.60,2.00
2009.02.25 02:01:20.252,6.8104,6.8178,1.60,3.60
2009.02.25 02:01:20.472,6.8104,6.8178,1.60,2.00
2009.02.25 02:01:20.942,6.8106,6.8181,1.00,2.00
2009.02.25 02:01:21.402,6.8109,6.8181,1.60,2.00
2009.02.25 02:01:23.421,6.8109,6.8173,1.60,2.00
2009.02.25 02:01:23.781,6.80965,6.817,1.60,2.00
2009.02.25 02:01:24.181,6.80965,6.8173,1.60,2.00
2009.02.25 02:01:26.831,6.80985,6.817,1.60,2.00
2009.02.25 02:01:31.719,6.80985,6.8168,1.60,2.00
2009.02.25 02:01:38.308,6.80985,6.8165,1.60,2.00
2009.02.25 02:01:38.537,6.80935,6.8165,1.60,2.00
2009.02.25 02:01:38.938,6.80935,6.8162,1.60,2.00
2009.02.25 02:01:39.557,6.8084,6.816,1.00,2.00
2009.02.25 02:01:40.057,6.80825,6.8157,1.60,2.00
2009.02.25 02:01:42.707,6.8079,6.8154,1.00,2.00
2009.02.25 02:01:42.986,6.80825,6.8154,1.60,2.00
2009.02.25 02:01:43.487,6.80825,6.8152,1.60,2.00
2009.02.25 02:01:44.126,6.808,6.8157,1.00,2.00
2009.02.25 02:01:45.026,6.80825,6.8157,1.60,2.00
2009.02.25 02:01:45.496,6.8084,6.816,1.00,2.00
2009.02.25 02:01:46.645,6.8088,6.816,1.60,2.00
2009.02.25 02:01:54.224,6.8088,6.8161,1.60,2.00
2009.02.25 02:01:56.043,6.8088,6.8163,2.60,2.00
2009.02.25 02:01:56.563,6.80935,6.8163,1.60,2.00
2009.02.25 02:02:05.001,6.8088,6.8161,1.60,2.00
2009.02.25 02:02:24.097,6.80935,6.8163,1.60,2.00
2009.02.25 02:02:26.226,6.80935,6.8166,1.60,2.00
2009.02.25 02:02:26.816,6.80935,6.8163,1.60,2.00
2009.02.25 02:02:44.672,6.80935,6.8161,1.60,2.00
2009.02.25 02:02:45.601,6.8088,6.8161,1.60,2.00
2009.02.25 02:02:46.661,6.8088,6.8163,2.60,2.00
2009.02.25 02:02:46.951,6.80935,6.8163,1.60,2.00
2009.02.25 02:02:49.150,6.80935,6.8166,1.60,2.00
2009.02.25 02:02:49.270,6.80935,6.8163,1.60,2.00
2009.02.25 02:03:00.988,6.80935,6.8166,1.60,2.00
2009.02.25 02:03:01.278,6.80935,6.8163,1.60,2.00
2009.02.25 02:03:01.578,6.80935,6.8166,1.60,2.00
2009.02.25 02:03:01.747,6.80935,6.8163,1.60,2.00
2009.02.25 02:03:03.557,6.80935,6.8166,1.60,2.00
2009.02.25 02:03:03.677,6.80935,6.8163,1.60,2.00
2009.02.25 02:03:06.606,6.80935,6.8166,1.60,2.00
2009.02.25 02:03:07.196,6.80935,6.8163,1.60,2.00
2009.02.25 02:03:10.905,6.80935,6.8169,1.60,2.00
2009.02.25 02:03:11.655,6.80935,6.8166,1.60,2.00
2009.02.25 02:03:12.175,6.80935,6.8163,1.60,2.00
2009.02.25 02:03:13.485,6.80935,6.8166,1.60,2.00
2009.02.25 02:03:13.705,6.80935,6.8163,1.60,2.00
2009.02.25 02:03:20.743,6.80935,6.8158,1.60,2.00
2009.02.25 02:03:20.803,6.8088,6.8158,1.60,2.00
2009.02.25 02:03:35.339,6.8088,6.8163,2.60,2.00
2009.02.25 02:03:36.769,6.8088,6.8161,1.60,2.00
2009.02.25 02:03:52.565,6.8088,6.8163,2.60,2.00
2009.02.25 02:03:53.165,6.8088,6.8165,2.60,2.00
2009.02.25 02:03:53.465,6.8088,6.8161,1.60,2.00
2009.02.25 02:04:03.793,6.80825,6.8159,1.60,2.00
2009.02.25 02:04:08.411,6.8085,6.8161,1.00,2.00
2009.02.25 02:04:08.822,6.8088,6.8161,1.60,2.00
2009.02.25 02:04:59.019,6.8088,6.8164,1.60,2.00
2009.02.25 02:04:59.499,6.8088,6.8161,1.60,2.00
2009.02.25 02:05:01.698,6.8088,6.8164,1.60,2.00
2009.02.25 02:05:02.208,6.8088,6.8161,1.60,2.00
2009.02.25 02:05:08.737,6.8085,6.8161,1.00,2.00
2009.02.25 02:05:34.680,6.8088,6.8164,1.60,2.00
2009.02.25 02:05:34.791,6.8088,6.8161,1.60,2.00
2009.02.25 02:05:38.060,6.8088,6.816,1.60,2.00
2009.02.25 02:05:44.058,6.8088,6.8159,1.60,2.00
2009.02.25 02:05:48.637,6.8088,6.8158,1.60,2.00
2009.02.25 02:05:48.807,6.8088,6.8162,1.60,2.00
2009.02.25 02:05:49.217,6.8088,6.8158,1.60,2.00
2009.02.25 02:05:51.347,6.8088,6.8162,1.60,2.00
2009.02.25 02:05:51.646,6.8088,6.8158,1.60,2.00
2009.02.25 02:05:52.006,6.80825,6.8157,1.60,2.00
2009.02.25 02:06:15.431,6.80825,6.8145,1.60,2.00
2009.02.25 02:06:15.851,6.80775,6.8145,1.60,2.00
2009.02.25 02:06:16.141,6.80775,6.8151,1.60,2.00
2009.02.25 02:06:23.339,6.80775,6.8145,1.60,2.00
2009.02.25 02:06:27.638,6.80775,6.8146,1.60,2.00
2009.02.25 02:06:27.748,6.8072,6.8142,1.60,2.00
2009.02.25 02:06:28.138,6.8072,6.8146,1.60,2.00
2009.02.25 02:06:29.167,6.8072,6.8142,1.60,2.00
2009.02.25 02:06:31.497,6.8072,6.8141,1.60,2.00
2009.02.25 02:06:31.717,6.8064,6.8141,1.00,2.00
2009.02.25 02:06:32.047,6.8063,6.8137,1.00,2.00
2009.02.25 02:06:32.447,6.8067,6.8137,1.60,2.00
2009.02.25 02:06:33.566,6.8067,6.8134,1.60,2.00
2009.02.25 02:06:35.296,6.8067,6.8137,1.60,2.00
2009.02.25 02:06:35.746,6.8067,6.814,1.60,2.00
2009.02.25 02:06:36.216,6.8068,6.8142,1.00,2.00
2009.02.25 02:06:36.556,6.8072,6.8142,1.60,2.00
2009.02.25 02:06:37.955,6.8072,6.8145,1.60,2.00
2009.02.25 02:06:39.645,6.80775,6.8145,1.60,2.00
2009.02.25 02:06:40.505,6.8072,6.8145,1.60,2.00
2009.02.25 02:06:40.835,6.8072,6.8142,1.60,2.00
2009.02.25 02:06:42.704,6.8072,6.814,1.60,2.00
2009.02.25 02:06:48.373,6.8072,6.8142,1.60,2.00
2009.02.25 02:06:53.522,6.8072,6.8145,1.60,2.00
2009.02.25 02:06:53.682,6.80775,6.8145,1.60,2.00
2009.02.25 02:06:58.871,6.80775,6.8148,1.60,2.00
2009.02.25 02:06:59.290,6.80775,6.8151,1.60,2.00
2009.02.25 02:06:59.680,6.80775,6.8148,1.60,2.00
2009.02.25 02:07:01.010,6.80775,6.8151,1.60,2.00
2009.02.25 02:07:02.049,6.80825,6.8151,1.60,2.00
2009.02.25 02:07:05.089,6.80825,6.8153,1.60,2.00
2009.02.25 02:07:05.748,6.80825,6.8157,1.60,2.00
2009.02.25 02:07:06.828,6.80825,6.8153,1.60,2.00
2009.02.25 02:07:09.608,6.80825,6.8151,1.60,2.00
2009.02.25 02:07:11.697,6.80775,6.8148,1.60,2.00
2009.02.25 02:07:12.947,6.80775,6.8152,1.60,2.00
2009.02.25 02:07:13.238,6.80775,6.8148,1.60,2.00
2009.02.25 02:07:14.007,6.80775,6.8152,1.60,2.00
2009.02.25 02:07:16.596,6.80775,6.8157,1.60,2.00
2009.02.25 02:07:17.636,6.80775,6.8152,1.60,2.00
2009.02.25 02:07:17.876,6.80775,6.8157,1.60,2.00
2009.02.25 02:07:18.465,6.8085,6.8159,1.00,2.00
2009.02.25 02:07:19.675,6.8088,6.8159,1.60,2.00
2009.02.25 02:07:20.985,6.8088,6.8153,1.60,2.00
2009.02.25 02:07:21.225,6.8088,6.8152,1.60,2.00
2009.02.25 02:07:21.735,6.80755,6.8152,1.60,2.00
2009.02.25 02:07:28.473,6.80775,6.8148,1.60,2.00
2009.02.25 02:07:28.883,6.80775,6.8157,1.60,2.00
2009.02.25 02:07:30.593,6.8085,6.8159,1.00,2.00
2009.02.25 02:07:31.922,6.8088,6.8159,1.60,2.00
2009.02.25 02:07:40.251,6.8088,6.8161,1.60,2.00
2009.02.25 02:07:41.060,6.80935,6.8161,1.60,2.00
2009.02.25 02:07:45.369,6.80935,6.8155,1.60,2.00
2009.02.25 02:07:45.759,6.8025,6.8155,9.60,2.00
2009.02.25 02:07:46.059,6.8025,6.8152,9.60,2.00
2009.02.25 02:07:46.469,6.80305,6.8152,1.00,2.00
2009.02.25 02:07:52.277,6.80275,6.8149,1.60,2.00
2009.02.25 02:07:54.887,6.80385,6.8152,1.00,2.00
2009.02.25 02:07:54.997,6.80405,6.8152,1.00,2.00
2009.02.25 02:07:56.826,6.80275,6.8149,1.60,2.00
2009.02.25 02:07:59.016,6.8038,6.8188,1.00,2.00
2009.02.25 02:08:01.705,6.8038,6.8187,1.00,2.00
2009.02.25 02:08:01.925,6.8037,6.8187,1.00,2.00
2009.02.25 02:08:03.805,6.8042,6.819,1.00,2.00
2009.02.25 02:08:11.343,6.8037,6.8187,1.00,2.00
2009.02.25 02:08:11.563,6.8037,6.8184,1.00,2.00
2009.02.25 02:08:12.092,6.8037,6.8187,1.00,2.00
2009.02.25 02:08:26.729,6.8035,6.8187,2.60,2.00
2009.02.25 02:08:27.139,6.8037,6.8187,1.00,2.00
2009.02.25 02:08:27.189,6.8037,6.8186,1.00,2.00
2009.02.25 02:08:27.599,6.80325,6.8186,1.00,2.00
2009.02.25 02:08:31.258,6.8037,6.8186,1.00,2.00
2009.02.25 02:08:31.588,6.8038,6.819,1.00,2.00
2009.02.25 02:08:31.938,6.80415,6.8184,1.00,2.00
2009.02.25 02:08:32.288,6.8038,6.8184,1.00,2.00
2009.02.25 02:08:32.637,6.8037,6.8187,1.00,2.00
2009.02.25 02:08:34.127,6.8042,6.819,1.00,2.00
2009.02.25 02:08:34.497,6.8035,6.8184,1.60,2.00
2009.02.25 02:08:34.837,6.8038,6.8184,1.00,2.00
2009.02.25 02:08:35.247,6.8037,6.8187,1.00,2.00
2009.02.25 02:08:40.346,6.8037,6.8184,1.00,2.00
2009.02.25 02:08:43.045,6.8037,6.8187,1.00,2.00
2009.02.25 02:08:43.385,6.8037,6.8184,1.00,2.00
2009.02.25 02:08:44.245,6.8037,6.8185,1.00,2.00
2009.02.25 02:08:45.624,6.8037,6.8188,1.00,2.00
2009.02.25 02:08:45.964,6.8037,6.8185,1.00,2.00
2009.02.25 02:08:51.213,6.8037,6.8188,1.00,2.00
2009.02.25 02:08:51.563,6.8037,6.8185,1.00,2.00
2009.02.25 02:08:54.242,6.8037,6.8188,1.00,2.00
2009.02.25 02:08:54.592,6.8037,6.8185,1.00,2.00
2009.02.25 02:08:56.562,6.8032,6.8182,1.00,2.00
2009.02.25 02:09:08.529,6.8032,6.818,1.00,2.00
2009.02.25 02:09:08.919,6.8032,6.8182,1.00,2.00
2009.02.25 02:09:10.508,6.80365,6.8185,1.00,2.00
2009.02.25 02:09:19.766,6.80415,6.8185,1.00,2.00
2009.02.25 02:09:19.936,6.80415,6.819,1.00,2.00
2009.02.25 02:09:20.886,6.8037,6.8187,1.00,2.00
2009.02.25 02:09:21.226,6.8037,6.8184,1.00,2.00
2009.02.25 02:09:23.035,6.8037,6.8187,1.00,2.00
2009.02.25 02:09:23.426,6.8042,6.819,1.00,2.00
2009.02.25 02:09:23.715,6.8042,6.8187,1.00,2.00
2009.02.25 02:09:23.955,6.8037,6.8187,1.00,2.00
2009.02.25 02:09:31.063,6.8037,6.8184,1.00,2.00
2009.02.25 02:09:31.454,6.80295,6.8179,1.60,2.00
2009.02.25 02:09:31.634,6.80325,6.8179,1.00,2.00
2009.02.25 02:09:32.463,6.8032,6.8182,1.00,2.00
2009.02.25 02:09:32.873,6.8032,6.8179,1.00,2.00
2009.02.25 02:09:34.623,6.80315,6.8186,1.00,2.00
2009.02.25 02:09:34.963,6.8037,6.8184,1.00,2.00
2009.02.25 02:09:35.353,6.8032,6.8182,1.00,2.00
2009.02.25 02:09:37.522,6.80365,6.8184,1.00,2.00
2009.02.25 02:09:39.152,6.8032,6.8182,1.00,2.00
2009.02.25 02:09:39.491,6.8032,6.8179,1.00,2.00
2009.02.25 02:09:41.091,6.8033,6.8184,1.00,2.00
2009.02.25 02:09:41.561,6.80365,6.8184,1.00,2.00
2009.02.25 02:09:41.851,6.8037,6.8191,1.00,2.00
2009.02.25 02:09:43.411,6.8037,6.8187,1.00,2.00
2009.02.25 02:09:43.820,6.8037,6.8184,1.00,2.00
2009.02.25 02:09:47.610,6.80325,6.8179,1.00,2.00
2009.02.25 02:09:48.849,6.8032,6.8182,1.00,2.00
2009.02.25 02:09:50.729,6.8033,6.8184,1.00,2.00
2009.02.25 02:09:51.128,6.80365,6.8184,1.00,2.00
2009.02.25 02:09:59.696,6.8032,6.8182,1.00,2.00
2009.02.25 02:09:59.967,6.8032,6.8179,1.00,2.00
2009.02.25 02:10:00.196,6.8032,6.8182,1.00,2.00
2009.02.25 02:10:10.794,6.80365,6.8184,1.00,2.00
2009.02.25 02:10:13.563,6.8032,6.8182,1.00,2.00
2009.02.25 02:10:15.083,6.8033,6.8184,1.00,2.00
2009.02.25 02:10:15.323,6.80365,6.8184,1.00,2.00
2009.02.25 02:10:16.863,6.8033,6.8184,1.00,2.00
2009.02.25 02:10:16.982,6.8032,6.8182,1.00,2.00
2009.02.25 02:10:18.482,6.80365,6.8184,1.00,2.00
2009.02.25 02:10:24.230,6.80365,6.8182,1.00,2.00
2009.02.25 02:10:24.351,6.8032,6.8182,1.00,2.00
2009.02.25 02:10:24.821,6.8032,6.8179,1.00,2.00
2009.02.25 02:10:27.640,6.8032,6.8182,1.00,2.00
2009.02.25 02:10:36.328,6.8032,6.8179,1.00,2.00
2009.02.25 02:10:38.597,6.8033,6.8184,1.00,2.00
2009.02.25 02:10:38.717,6.80365,6.8184,1.00,2.00
2009.02.25 02:10:43.106,6.80365,6.8187,1.00,2.00
2009.02.25 02:10:43.276,6.80375,6.8184,1.00,2.00
2009.02.25 02:10:48.585,6.80375,6.8187,1.00,2.00
2009.02.25 02:10:49.104,6.80375,6.8184,1.00,2.00
2009.02.25 02:10:55.593,6.8038,6.819,1.00,2.00
2009.02.25 02:10:55.703,6.80415,6.819,1.00,2.00
2009.02.25 02:10:56.103,6.8035,6.8184,1.60,2.00
2009.02.25 02:10:56.443,6.8037,6.8184,1.00,2.00
2009.02.25 02:10:58.122,6.8037,6.8185,1.00,2.00
2009.02.25 02:11:02.341,6.80415,6.8191,1.00,2.00
2009.02.25 02:11:02.981,6.8035,6.8185,1.60,2.00
2009.02.25 02:11:03.331,6.8038,6.8185,1.00,2.00
2009.02.25 02:11:10.419,6.8038,6.8184,1.00,2.00
2009.02.25 02:11:34.774,6.80415,6.8184,1.00,2.00
2009.02.25 02:11:35.134,6.80415,6.819,1.00,2.00
2009.02.25 02:11:35.244,6.8038,6.8184,1.00,2.00
2009.02.25 02:11:39.353,6.8037,6.8187,1.00,2.00
2009.02.25 02:11:39.632,6.8037,6.8184,1.00,2.00
2009.02.25 02:12:11.654,6.8037,6.8182,1.00,2.00
2009.02.25 02:12:12.164,6.8032,6.8182,1.00,2.00
2009.02.25 02:12:20.442,6.803,6.8181,1.00,2.00
2009.02.25 02:12:20.792,6.80315,6.8181,1.00,2.00
2009.02.25 02:12:26.222,6.80315,6.818,1.00,2.00
2009.02.25 02:12:26.451,6.8027,6.818,1.00,2.00
2009.02.25 02:12:28.341,6.80225,6.818,1.00,2.00
2009.02.25 02:12:28.570,6.80265,6.818,1.00,2.00
2009.02.25 02:12:31.300,6.803,6.8181,1.00,2.00
2009.02.25 02:12:31.520,6.80315,6.8181,1.00,2.00
2009.02.25 02:12:36.778,6.8032,6.8184,1.00,2.00
2009.02.25 02:12:37.179,6.8036,6.8184,1.00,2.00
2009.02.25 02:12:41.897,6.8036,6.8187,1.00,2.00
2009.02.25 02:12:42.007,6.80365,6.8187,1.00,2.00
2009.02.25 02:12:44.847,6.80375,6.8184,1.00,2.00
2009.02.25 02:12:45.517,6.80415,6.819,1.00,2.00
2009.02.25 02:12:45.986,6.80415,6.8192,1.00,2.00
2009.02.25 02:12:46.446,6.80425,6.8192,1.00,2.00
2009.02.25 02:12:48.825,6.8043,6.8195,1.00,2.00
2009.02.25 02:12:49.106,6.8047,6.8195,1.00,2.00
2009.02.25 02:12:51.115,6.80405,6.819,1.60,2.00
2009.02.25 02:12:51.465,6.8043,6.819,1.00,2.00
2009.02.25 02:12:52.225,6.8037,6.8191,1.00,2.00
2009.02.25 02:12:58.344,6.8037,6.8187,1.00,2.00
2009.02.25 02:12:59.103,6.8037,6.8191,1.00,2.00
2009.02.25 02:12:59.513,6.8037,6.8187,1.00,2.00
2009.02.25 02:13:00.203,6.8037,6.8191,1.00,2.00
2009.02.25 02:13:00.843,6.80385,6.8184,1.00,2.00
2009.02.25 02:13:03.782,6.80385,6.8187,1.00,2.00
2009.02.25 02:13:04.132,6.8037,6.8187,1.00,2.00
2009.02.25 02:13:09.661,6.8037,6.8188,1.00,2.00
2009.02.25 02:13:12.280,6.8037,6.8186,1.00,2.00
2009.02.25 02:13:12.560,6.8032,6.8186,1.00,2.00
2009.02.25 02:13:16.199,6.8037,6.8186,1.00,2.00
2009.02.25 02:13:16.249,6.8037,6.8188,1.00,2.00
2009.02.25 02:13:20.198,6.80415,6.8191,1.00,2.00
2009.02.25 02:13:37.644,6.80415,6.8188,1.00,2.00
2009.02.25 02:13:37.934,6.8037,6.8188,1.00,2.00
2009.02.25 02:13:40.023,6.8037,6.8185,1.00,2.00
2009.02.25 02:13:45.822,6.8037,6.8188,1.00,2.00
2009.02.25 02:13:52.081,6.80325,6.8186,1.00,2.00
2009.02.25 02:14:09.296,6.80325,6.8183,1.00,2.00
2009.02.25 02:14:10.766,6.80315,6.8183,1.00,2.00
2009.02.25 02:14:10.946,6.80315,6.8186,1.00,2.00
2009.02.25 02:14:15.215,6.8037,6.8188,1.00,2.00
2009.02.25 02:14:15.685,6.8038,6.8185,1.00,2.00
2009.02.25 02:14:19.984,6.8032,6.8183,1.00,2.00
2009.02.25 02:14:22.273,6.8032,6.818,1.00,2.00
2009.02.25 02:14:22.383,6.8027,6.818,1.00,2.00
2009.02.25 02:14:22.733,6.80225,6.818,1.00,2.00
2009.02.25 02:14:26.092,6.80315,6.8183,1.00,2.00
2009.02.25 02:14:28.891,6.8036,6.8185,1.00,2.00
2009.02.25 02:14:31.821,6.8036,6.8183,1.00,2.00
2009.02.25 02:14:31.941,6.8032,6.8183,1.00,2.00
2009.02.25 02:14:38.629,6.80365,6.8185,1.00,2.00
2009.02.25 02:14:38.839,6.80375,6.8185,1.00,2.00
2009.02.25 02:14:42.218,6.80375,6.8188,1.00,2.00
2009.02.25 02:15:19.059,6.8042,6.8191,1.00,2.00
2009.02.25 02:15:20.749,6.8037,6.8188,1.00,2.00
2009.02.25 02:15:22.078,6.8038,6.8191,1.00,2.00
2009.02.25 02:15:22.300,6.8042,6.8191,1.00,2.00
2009.02.25 02:15:22.409,6.8042,6.8188,1.00,2.00
2009.02.25 02:15:22.468,6.8037,6.8188,1.00,2.00
2009.02.25 02:15:28.187,6.8037,6.8185,1.00,2.00
2009.02.25 02:15:31.466,6.8037,6.8188,1.00,2.00
2009.02.25 02:15:36.565,6.8042,6.8188,1.00,2.00
2009.02.25 02:15:36.685,6.8042,6.8191,1.00,2.00
2009.02.25 02:15:54.661,6.8037,6.8188,1.00,2.00
2009.02.25 02:16:03.279,6.8037,6.8185,1.00,2.00
2009.02.25 02:16:13.776,6.8037,6.8188,1.00,2.00
2009.02.25 02:16:19.305,6.8038,6.8191,1.00,2.00
2009.02.25 02:16:19.475,6.8042,6.8191,1.00,2.00
2009.02.25 02:16:26.603,6.8037,6.8188,1.00,2.00
2009.02.25 02:16:48.368,6.8037,6.8189,1.00,2.00
2009.02.25 02:16:54.126,6.8042,6.8192,1.00,2.00
2009.02.25 02:16:54.696,6.8037,6.8189,1.00,2.00
2009.02.25 02:17:23.839,6.8037,6.8186,1.00,2.00
2009.02.25 02:17:25.279,6.8037,6.8189,1.00,2.00
2009.02.25 02:17:30.777,6.8039,6.8192,1.00,2.00
2009.02.25 02:17:30.938,6.8042,6.8186,1.00,2.00
2009.02.25 02:17:31.287,6.8038,6.8186,1.00,2.00
2009.02.25 02:17:31.967,6.8037,6.8189,1.00,2.00
2009.02.25 02:17:34.047,6.8037,6.8186,1.00,2.00
2009.02.25 02:17:36.296,6.8037,6.8182,1.00,2.00
2009.02.25 02:17:36.746,6.8028,6.8182,1.00,2.00
2009.02.25 02:17:40.875,6.80315,6.8184,1.00,2.00
2009.02.25 02:17:41.695,6.80315,6.8182,1.00,2.00
2009.02.25 02:17:41.985,6.8028,6.8182,1.00,2.00
2009.02.25 02:17:48.403,6.8028,6.8187,1.00,2.00
2009.02.25 02:17:49.223,6.8032,6.8187,1.00,2.00
2009.02.25 02:17:49.523,6.8033,6.8192,1.00,2.00
2009.02.25 02:17:52.862,6.8033,6.8188,1.00,2.00
2009.02.25 02:17:53.102,6.8033,6.8192,1.00,2.00
2009.02.25 02:17:54.862,6.8033,6.8188,1.00,2.00
2009.02.25 02:18:02.270,6.80325,6.8184,1.00,2.00
2009.02.25 02:18:02.600,6.80315,6.8187,1.00,2.00
2009.02.25 02:18:02.830,6.8028,6.8187,1.00,2.00
2009.02.25 02:18:04.740,6.8038,6.8192,1.00,2.00
2009.02.25 02:18:05.139,6.80305,6.8184,1.00,2.00
2009.02.25 02:18:05.609,6.8026,6.8182,1.00,2.00
2009.02.25 02:18:05.949,6.8028,6.8187,1.00,2.00
2009.02.25 02:18:06.919,6.8036,6.8187,1.00,2.00
2009.02.25 02:18:07.209,6.8036,6.8189,1.80,2.00
2009.02.25 02:18:13.787,6.8036,6.8186,1.00,2.00
2009.02.25 02:18:14.197,6.8038,6.8186,1.00,2.00
2009.02.25 02:18:16.147,6.8037,6.8189,1.00,2.00
2009.02.25 02:18:18.926,6.8039,6.8192,1.00,2.00
2009.02.25 02:18:19.326,6.80415,6.8189,1.00,2.00
2009.02.25 02:18:19.556,6.80375,6.8189,1.00,2.00
2009.02.25 02:18:25.334,6.80375,6.8187,1.00,2.00
2009.02.25 02:18:25.564,6.80325,6.8187,1.00,2.00
2009.02.25 02:18:32.543,6.8028,6.8182,1.00,2.00
2009.02.25 02:18:34.842,6.8028,6.8191,1.00,2.00
2009.02.25 02:18:38.701,6.8037,6.8192,1.00,2.00
2009.02.25 02:18:39.101,6.8038,6.8193,1.00,2.00
2009.02.25 02:18:56.937,6.80375,6.8189,1.00,2.00
2009.02.25 02:19:02.975,6.8038,6.8189,1.00,2.00
2009.02.25 02:19:03.235,6.8038,6.8186,1.00,2.00
2009.02.25 02:19:06.644,6.8037,6.8189,1.00,2.00
2009.02.25 02:19:33.488,6.80415,6.8192,1.00,2.00
2009.02.25 02:19:34.338,6.8037,6.8189,1.00,2.00
2009.02.25 02:19:38.167,6.8042,6.8192,1.00,2.00
2009.02.25 02:19:38.327,6.8042,6.8189,1.00,2.00
2009.02.25 02:19:38.667,6.8037,6.8189,1.00,2.00
2009.02.25 02:19:42.996,6.8037,6.8186,1.00,2.00
2009.02.25 02:19:46.845,6.8037,6.8189,1.00,2.00
2009.02.25 02:19:52.303,6.8038,6.8193,1.00,2.00
2009.02.25 02:20:00.841,6.8042,6.8194,1.00,2.00
2009.02.25 02:20:01.121,6.8044,6.8198,1.00,2.00
2009.02.25 02:20:01.912,6.80435,6.8192,1.00,2.00
2009.02.25 02:20:02.541,6.80435,6.8189,1.00,2.00
2009.02.25 02:20:02.951,6.8037,6.8189,1.00,2.00
2009.02.25 02:20:03.601,6.8038,6.8197,1.00,2.00
2009.02.25 02:20:04.282,6.8047,6.8202,1.00,2.00
2009.02.25 02:20:05.080,6.80435,6.8198,1.60,2.00
2009.02.25 02:20:05.471,6.8044,6.8198,1.00,2.00
2009.02.25 02:20:07.260,6.8046,6.8198,1.60,2.00
2009.02.25 02:20:07.480,6.8052,6.8205,1.00,2.00
2009.02.25 02:20:08.120,6.8058,6.8213,1.00,2.00
2009.02.25 02:20:08.419,6.8054,6.8213,1.00,2.00
2009.02.25 02:20:10.219,6.8058,6.8213,1.00,2.00
2009.02.25 02:20:10.619,6.806,6.8214,1.00,2.00
2009.02.25 02:20:10.780,6.8057,6.821,1.00,2.00
2009.02.25 02:20:13.258,6.8054,6.8209,1.00,2.00
2009.02.25 02:20:13.608,6.8049,6.8208,1.00,2.00
2009.02.25 02:20:14.058,6.8049,6.8204,1.00,2.00
2009.02.25 02:20:14.688,6.8048,6.82,1.00,2.00
2009.02.25 02:20:17.147,6.8049,6.8197,1.00,2.00
2009.02.25 02:20:18.287,6.80475,6.82,1.00,2.00
2009.02.25 02:20:19.077,6.80485,6.8197,1.00,2.00
2009.02.25 02:20:21.797,6.80405,6.8197,1.60,2.00
2009.02.25 02:20:22.196,6.8039,6.8197,1.00,2.00
2009.02.25 02:20:22.956,6.80335,6.8192,1.00,2.00
2009.02.25 02:20:24.456,6.8037,6.8192,1.80,2.00
2009.02.25 02:20:24.736,6.8044,6.8197,1.00,2.00
2009.02.25 02:20:25.075,6.8046,6.8193,1.00,2.00
2009.02.25 02:20:25.425,6.8038,6.8193,1.00,2.00
2009.02.25 02:20:27.335,6.8042,6.8194,1.00,2.00
2009.02.25 02:20:28.584,6.80465,6.8197,1.00,2.00
2009.02.25 02:20:30.394,6.80425,6.8194,1.00,2.00
2009.02.25 02:20:30.804,6.8041,6.8194,1.00,2.00
2009.02.25 02:20:30.974,6.8038,6.8197,1.00,2.00
2009.02.25 02:20:31.144,6.8038,6.8193,1.00,2.00
2009.02.25 02:20:31.564,6.8047,6.82,1.00,2.00
2009.02.25 02:20:31.974,6.80475,6.82,1.00,2.00
2009.02.25 02:20:33.733,6.8035,6.8191,1.00,2.00
2009.02.25 02:20:35.053,6.8038,6.8193,1.00,2.00
2009.02.25 02:20:39.442,6.8047,6.82,1.00,2.00
2009.02.25 02:20:39.922,6.80475,6.82,1.00,2.00
2009.02.25 02:20:40.912,6.8039,6.8197,1.00,2.00
2009.02.25 02:20:41.141,6.8038,6.8193,1.00,2.00
2009.02.25 02:20:42.801,6.80465,6.8197,1.00,2.00
2009.02.25 02:20:45.320,6.8038,6.8193,1.00,2.00
2009.02.25 02:20:45.660,6.8038,6.8197,1.00,2.00
2009.02.25 02:20:46.860,6.8038,6.8193,1.00,2.00
2009.02.25 02:20:47.090,6.8038,6.8197,1.00,2.00
2009.02.25 02:20:49.230,6.8047,6.82,1.00,2.00
2009.02.25 02:20:49.450,6.8047,6.82,1.80,2.00
2009.02.25 02:21:08.255,6.8049,6.8202,1.00,2.00
2009.02.25 02:21:08.435,6.80515,6.82,1.00,2.00
2009.02.25 02:21:08.715,6.8048,6.82,1.00,2.00
2009.02.25 02:21:15.203,6.8052,6.8202,1.00,2.00
2009.02.25 02:21:31.159,6.8048,6.82,1.00,2.00
2009.02.25 02:21:32.020,6.80405,6.8192,1.60,2.00
2009.02.25 02:21:32.669,6.80435,6.8189,1.00,2.00
2009.02.25 02:21:32.779,6.8037,6.8189,1.00,2.00
2009.02.25 02:21:35.858,6.8037,6.8192,1.80,2.00
2009.02.25 02:21:36.478,6.8038,6.8197,1.00,2.00
2009.02.25 02:21:41.387,6.8036,6.8189,1.00,2.00
2009.02.25 02:21:41.787,6.80375,6.8189,1.00,2.00
2009.02.25 02:21:53.154,6.80375,6.8186,1.00,2.00
2009.02.25 02:22:04.123,6.80415,6.8192,1.00,2.00
2009.02.25 02:22:05.511,6.80415,6.8189,1.00,2.00
2009.02.25 02:22:05.911,6.8035,6.8186,1.60,2.00
2009.02.25 02:22:06.271,6.80375,6.8186,1.00,2.00
2009.02.25 02:22:20.048,6.8039,6.8192,1.00,2.00
2009.02.25 02:22:20.398,6.80415,6.8192,1.00,2.00
2009.02.25 02:22:22.247,6.80415,6.8189,1.00,2.00
2009.02.25 02:22:22.307,6.8037,6.8189,1.00,2.00
2009.02.25 02:22:28.366,6.8037,6.8189,1.80,2.00
2009.02.25 02:22:31.015,6.8039,6.8191,1.00,2.00
2009.02.25 02:22:31.305,6.8042,6.8191,1.00,2.00
2009.02.25 02:22:41.772,6.8037,6.8188,1.00,2.00
2009.02.25 02:22:50.570,6.8037,6.8185,1.00,2.00
2009.02.25 02:22:53.581,6.8034,6.8185,1.00,2.00
2009.02.25 02:22:53.690,6.80275,6.8181,1.00,2.00
2009.02.25 02:22:56.779,6.8022,6.8176,1.00,2.00
2009.02.25 02:23:04.027,6.80265,6.8178,1.00,2.00
2009.02.25 02:23:10.965,6.8031,6.818,1.00,2.00
2009.02.25 02:23:25.802,6.8031,6.8178,1.00,2.00
2009.02.25 02:23:26.022,6.80265,6.8178,1.00,2.00
2009.02.25 02:23:27.002,6.80265,6.8175,1.00,2.00
2009.02.25 02:23:31.561,6.80265,6.8178,1.00,2.00
2009.02.25 02:23:58.464,6.8028,6.818,1.00,2.00
2009.02.25 02:23:58.644,6.80315,6.818,1.00,2.00
2009.02.25 02:23:59.464,6.80315,6.8178,1.00,2.00
2009.02.25 02:23:59.574,6.80265,6.8178,1.00,2.00
2009.02.25 02:24:11.791,6.80265,6.8175,1.00,2.00
2009.02.25 02:24:12.830,6.8021,6.8172,1.80,2.00
2009.02.25 02:24:13.230,6.8021,6.817,1.00,2.00
2009.02.25 02:24:14.000,6.8021,6.8172,1.80,2.00
2009.02.25 02:24:23.728,6.8026,6.8178,1.80,2.00
2009.02.25 02:24:30.386,6.8027,6.8175,1.00,2.00
2009.02.25 02:24:31.736,6.8023,6.8175,1.00,2.00
2009.02.25 02:24:31.906,6.8021,6.8172,1.80,2.00
2009.02.25 02:24:40.124,6.8026,6.8172,1.00,2.00
2009.02.25 02:24:40.644,6.8021,6.817,1.00,2.00
2009.02.25 02:24:42.373,6.8021,6.8168,1.00,2.00
2009.02.25 02:24:42.603,6.8014,6.8162,1.60,2.00
2009.02.25 02:24:42.783,6.7989,6.8162,1.60,2.00
2009.02.25 02:24:43.003,6.7996,6.81585,1.00,1.60
2009.02.25 02:24:45.983,6.8,6.81575,1.00,1.60
2009.02.25 02:24:47.382,6.8,6.8156,1.00,2.00
2009.02.25 02:24:47.433,6.8,6.81555,1.00,1.60
2009.02.25 02:24:47.692,6.8,6.8155,1.00,1.60
2009.02.25 02:24:49.982,6.8,6.81545,1.00,1.60
2009.02.25 02:24:50.321,6.8,6.8155,1.00,1.60
2009.02.25 02:24:53.850,6.8,6.81565,1.00,1.60
2009.02.25 02:24:55.390,6.8,6.8155,1.00,1.60
2009.02.25 02:24:56.140,6.8,6.81575,1.00,1.60
2009.02.25 02:24:56.480,6.8,6.8157,1.00,1.60
2009.02.25 02:25:31.921,6.8,6.81585,1.00,1.60
2009.02.25 02:25:36.190,6.8,6.816,1.00,1.60
2009.02.25 02:25:37.440,6.8,6.816,1.00,3.60
2009.02.25 02:25:37.960,6.8,6.81585,1.00,1.60
2009.02.25 02:25:46.438,6.8,6.816,1.00,3.60
2009.02.25 02:25:46.678,6.8,6.81585,1.00,1.60
2009.02.25 02:25:51.376,6.8,6.8101,1.00,2.00
2009.02.25 02:25:59.635,6.8,6.8093,1.00,2.00
2009.02.25 02:26:10.292,6.8,6.809,1.00,2.00
2009.02.25 02:26:20.680,6.8,6.8087,1.00,2.00
2009.02.25 02:26:23.279,6.8,6.8085,1.00,2.00
2009.02.25 02:26:27.848,6.8,6.8087,1.00,2.00
2009.02.25 02:26:28.368,6.8,6.8085,1.00,2.00
2009.02.25 02:26:28.538,6.8,6.8087,1.00,2.00
2009.02.25 02:26:41.455,6.8,6.8084,1.00,2.00
2009.02.25 02:26:58.250,6.8,6.8079,1.00,2.00
2009.02.25 02:27:03.589,6.8,6.8081,1.00,2.00
2009.02.25 02:27:04.099,6.8,6.8084,1.00,2.00
2009.02.25 02:27:23.854,6.8,6.8081,1.00,2.00
2009.02.25 02:27:26.124,6.8,6.8084,1.00,2.00
2009.02.25 02:27:31.482,6.8,6.8081,1.00,2.00
2009.02.25 02:27:33.812,6.8,6.8084,1.00,2.00
2009.02.25 02:27:37.011,6.8,6.8081,1.00,2.00
2009.02.25 02:27:37.761,6.8,6.8079,1.00,2.00
2009.02.25 02:27:39.050,6.8,6.8081,1.00,2.00
2009.02.25 02:27:46.019,6.8,6.8084,1.00,2.00
2009.02.25 02:27:52.307,6.8,6.8087,1.00,2.00
2009.02.25 02:27:53.657,6.8,6.8084,1.00,2.00
2009.02.25 02:27:54.877,6.8,6.8087,1.00,2.00
2009.02.25 02:27:56.656,6.8,6.8089,1.00,2.00
2009.02.25 02:27:57.286,6.8,6.809,1.00,2.00
2009.02.25 02:28:02.755,6.8,6.8093,1.00,2.00
2009.02.25 02:28:11.583,6.8,6.8095,1.00,2.00
2009.02.25 02:29:17.797,6.8,6.8098,1.00,2.00
2009.02.25 02:29:21.426,6.8,6.8095,1.00,2.00
2009.02.25 02:29:21.646,6.8,6.8092,1.00,2.00
2009.02.25 02:29:22.665,6.8,6.8097,1.00,2.00
2009.02.25 02:29:28.474,6.8,6.81,1.00,2.00
2009.02.25 02:29:33.613,6.8,6.8097,1.00,2.00
2009.02.25 02:29:44.320,6.8,6.8103,1.00,2.00
2009.02.25 02:29:45.920,6.8,6.8097,1.00,2.00
2009.02.25 02:29:48.069,6.8,6.81,1.00,2.00
2009.02.25 02:29:49.769,6.8,6.8097,1.00,2.00
2009.02.25 02:29:52.148,6.8,6.81,1.00,2.00
2009.02.25 02:29:57.087,6.8,6.8104,1.00,2.00
2009.02.25 02:29:59.247,6.8,6.8105,1.00,2.00
2009.02.25 02:30:02.965,6.8,6.8106,1.00,2.00
2009.02.25 02:30:16.342,6.8,6.811,1.00,2.00
2009.02.25 02:30:17.322,6.8,6.8104,1.00,2.00
2009.02.25 02:30:20.202,6.8,6.8108,1.00,2.00
2009.02.25 02:30:22.061,6.8,6.8103,1.00,2.00
2009.02.25 02:30:24.821,6.8,6.8106,1.00,2.00
2009.02.25 02:30:26.140,6.8,6.8104,1.00,2.00
2009.02.25 02:30:28.040,6.8,6.8101,1.00,2.00
2009.02.25 02:30:56.563,6.8,6.8096,1.00,2.00
2009.02.25 02:30:57.123,6.8,6.81,1.00,2.00
2009.02.25 02:31:02.571,6.8,6.8101,1.00,2.00
2009.02.25 02:31:03.841,6.8,6.8105,1.00,2.00
2009.02.25 02:31:34.384,6.8,6.8101,1.00,2.00
2009.02.25 02:31:42.452,6.8,6.8104,1.00,2.00
2009.02.25 02:31:44.251,6.8,6.8101,1.00,2.00
2009.02.25 02:31:50.490,6.8,6.8098,1.00,2.00
2009.02.25 02:32:14.854,6.8,6.8101,1.00,2.00
2009.02.25 02:33:23.087,6.8,6.8105,1.00,2.00
2009.02.25 02:33:50.351,6.8,6.8106,1.00,2.00
2009.02.25 02:34:02.338,6.8,6.8104,1.00,2.00
2009.02.25 02:34:04.468,6.8,6.8101,1.00,2.00
2009.02.25 02:34:59.574,6.8,6.8104,1.00,2.00
2009.02.25 02:35:13.051,6.8,6.8106,1.00,2.00
2009.02.25 02:35:13.471,6.8,6.8107,1.00,2.00
2009.02.25 02:35:16.950,6.8,6.8106,1.00,2.00
2009.02.25 02:35:23.328,6.8,6.8102,1.00,2.00
2009.02.25 02:35:24.818,6.8,6.8106,1.00,2.00
2009.02.25 02:35:31.948,6.8,6.8102,1.00,2.00
2009.02.25 02:35:40.044,6.8,6.8109,1.00,2.00
2009.02.25 02:35:41.004,6.8,6.8106,1.00,2.00
2009.02.25 02:36:04.648,6.8,6.8102,1.00,2.00
2009.02.25 02:36:05.228,6.8,6.8104,1.00,2.00
2009.02.25 02:36:09.107,6.8,6.8107,1.00,2.00
2009.02.25 02:36:15.416,6.8,6.8109,1.00,2.00
2009.02.25 02:36:29.582,6.8,6.811,1.00,2.00
2009.02.25 02:36:45.119,6.8,6.8113,1.00,2.00
2009.02.25 02:36:45.628,6.8,6.8115,1.00,2.00
2009.02.25 02:36:45.798,6.8,6.8123,1.00,2.00
2009.02.25 02:36:48.588,6.8,6.8116,1.00,2.00
2009.02.25 02:36:49.118,6.8,6.8123,1.00,2.00
2009.02.25 02:36:50.367,6.8,6.8119,1.00,2.00
2009.02.25 02:36:51.167,6.8,6.8121,1.00,2.00
2009.02.25 02:36:53.727,6.8,6.8123,1.00,2.00
2009.02.25 02:36:54.067,6.8,6.8124,1.00,2.00
2009.02.25 02:36:55.106,6.80005,6.8126,1.00,2.00
2009.02.25 02:36:55.396,6.8,6.8124,1.00,2.00
2009.02.25 02:36:55.916,6.80005,6.8126,1.00,2.00
2009.02.25 02:37:01.155,6.8,6.8124,1.00,2.00
2009.02.25 02:37:02.504,6.8,6.8123,1.00,2.00
2009.02.25 02:37:06.193,6.8,6.8124,1.00,2.00
2009.02.25 02:37:15.941,6.8,6.8126,1.00,2.00
2009.02.25 02:37:16.361,6.8,6.8126,1.00,2.00
2009.02.25 02:37:19.150,6.80055,6.8131,1.00,2.00
2009.02.25 02:37:24.299,6.7997,6.8129,2.60,2.00
2009.02.25 02:37:24.469,6.80035,6.8129,1.00,2.00
2009.02.25 02:37:24.759,6.80035,6.8127,1.00,2.00
2009.02.25 02:37:25.279,6.80015,6.8127,1.00,2.00
2009.02.25 02:37:26.289,6.80015,6.8129,1.00,2.00
2009.02.25 02:37:26.639,6.80015,6.8127,1.00,2.00
2009.02.25 02:37:27.728,6.80035,6.8129,1.00,2.00
2009.02.25 02:37:32.767,6.80035,6.8128,1.00,2.00
2009.02.25 02:37:32.887,6.8005,6.8131,1.00,2.00
2009.02.25 02:37:34.577,6.8005,6.8128,1.00,2.00
2009.02.25 02:37:34.967,6.80015,6.8128,1.00,2.00
2009.02.25 02:37:35.786,6.80015,6.8127,1.00,2.00
2009.02.25 02:37:36.066,6.8,6.8123,1.00,2.00
2009.02.25 02:37:36.337,6.8,6.8127,1.00,2.00
2009.02.25 02:37:36.736,6.8,6.8123,1.00,2.00
2009.02.25 02:37:38.096,6.80005,6.8128,1.00,2.00
2009.02.25 02:37:42.305,6.80005,6.8129,1.00,2.00
2009.02.25 02:37:42.475,6.8003,6.8129,1.00,2.00
2009.02.25 02:37:57.421,6.8005,6.8131,1.00,2.00
2009.02.25 02:38:11.208,6.80035,6.8131,1.00,2.00
2009.02.25 02:38:11.588,6.7997,6.8129,2.60,2.00
2009.02.25 02:38:11.757,6.80035,6.8129,1.00,2.00
2009.02.25 02:38:23.495,6.80135,6.8139,1.00,2.00
2009.02.25 02:38:23.605,6.80135,6.814,1.00,2.00
2009.02.25 02:38:23.955,6.80125,6.8137,1.00,2.00
2009.02.25 02:38:24.485,6.80125,6.814,1.00,2.00
2009.02.25 02:38:24.774,6.8014,6.814,1.00,2.00
2009.02.25 02:38:28.344,6.8012,6.8137,1.00,2.00
2009.02.25 02:38:29.143,6.80025,6.8132,1.60,2.00
2009.02.25 02:38:29.543,6.8007,6.8132,1.00,2.00
2009.02.25 02:38:29.843,6.8007,6.8134,1.00,2.00
2009.02.25 02:38:31.513,6.8007,6.8135,1.00,2.00
2009.02.25 02:38:36.392,6.80085,6.8135,1.00,2.00
2009.02.25 02:38:36.842,6.80085,6.8138,1.00,2.00
2009.02.25 02:38:37.242,6.8007,6.8135,1.00,2.00
2009.02.25 02:38:40.261,6.80065,6.8139,1.00,2.00
2009.02.25 02:38:40.602,6.8008,6.8139,1.00,2.00
2009.02.25 02:38:44.940,6.8011,6.814,1.00,2.00
2009.02.25 02:38:46.849,6.80135,6.8141,1.00,2.00
2009.02.25 02:38:48.279,6.80135,6.8138,1.00,2.00
2009.02.25 02:38:48.689,6.80125,6.8138,1.00,2.00
2009.02.25 02:38:52.298,6.80125,6.8137,1.00,2.00
2009.02.25 02:39:02.525,6.8014,6.814,1.00,2.00
2009.02.25 02:39:15.553,6.8014,6.8137,1.00,2.00
2009.02.25 02:39:15.662,6.8012,6.8137,1.00,2.00
2009.02.25 02:39:18.442,6.80025,6.8134,1.60,2.00
2009.02.25 02:39:18.732,6.8009,6.8139,1.00,2.00
2009.02.25 02:39:19.081,6.8011,6.8139,1.00,2.00
2009.02.25 02:39:19.413,6.8011,6.8132,1.00,2.00
2009.02.25 02:39:19.631,6.8007,6.8132,1.00,2.00
2009.02.25 02:39:20.811,6.80105,6.8139,1.00,2.00
2009.02.25 02:39:22.640,6.80105,6.8129,1.00,2.00
2009.02.25 02:39:22.980,6.799,6.8126,1.60,2.00
2009.02.25 02:39:23.211,6.7998,6.8125,1.00,2.00
2009.02.25 02:39:32.318,6.8,6.8124,1.00,2.00
2009.02.25 02:39:41.096,6.8,6.8128,1.00,2.00
2009.02.25 02:39:41.386,6.80005,6.8128,1.00,2.00
2009.02.25 02:39:50.834,6.80005,6.8131,1.00,2.00
2009.02.25 02:39:51.134,6.8005,6.8131,1.00,2.00
2009.02.25 02:39:53.283,6.7997,6.8129,2.60,2.00
2009.02.25 02:39:53.863,6.80015,6.8128,1.00,2.00
2009.02.25 02:40:06.770,6.80015,6.8124,1.00,2.00
2009.02.25 02:40:07.390,6.8005,6.8131,1.00,2.00
2009.02.25 02:40:12.119,6.7997,6.8128,1.60,2.00
2009.02.25 02:40:12.339,6.80015,6.8128,1.00,2.00
2009.02.25 02:40:40.952,6.80035,6.8134,1.00,2.00
2009.02.25 02:40:41.612,6.80055,6.8134,1.00,2.00
2009.02.25 02:40:44.891,6.80055,6.8129,1.00,2.00
2009.02.25 02:40:45.241,6.8004,6.8129,1.00,2.00
2009.02.25 02:40:45.531,6.80055,6.8131,1.00,2.00
2009.02.25 02:40:49.600,6.8009,6.8134,1.00,2.00
2009.02.25 02:41:08.275,6.80065,6.8132,1.00,2.00
2009.02.25 02:41:09.115,6.7997,6.8129,2.60,2.00
2009.02.25 02:41:09.405,6.80035,6.8129,1.00,2.00
2009.02.25 02:41:20.962,6.80035,6.813,1.00,2.00
2009.02.25 02:41:21.292,6.80035,6.8132,1.00,2.00
2009.02.25 02:41:21.522,6.80055,6.8132,1.00,2.00
2009.02.25 02:41:24.711,6.80035,6.813,1.00,2.00
2009.02.25 02:41:25.111,6.80035,6.8132,1.00,2.00
2009.02.25 02:41:25.281,6.80055,6.8132,1.00,2.00
2009.02.25 02:41:25.920,6.80055,6.8133,1.00,2.00
2009.02.25 02:42:16.679,6.8009,6.8133,1.00,2.00
2009.02.25 02:42:16.839,6.8009,6.8136,1.00,2.00
2009.02.25 02:42:18.038,6.8009,6.8133,1.00,2.00
2009.02.25 02:42:18.378,6.80065,6.8133,1.00,2.00
2009.02.25 02:42:20.418,6.80105,6.8139,1.00,2.00
2009.02.25 02:42:25.547,6.80105,6.8136,1.00,2.00
2009.02.25 02:42:25.896,6.8009,6.8136,1.00,2.00
2009.02.25 02:42:31.245,6.80065,6.8133,1.00,2.00
2009.02.25 02:42:36.514,6.7997,6.8129,2.60,2.00
2009.02.25 02:42:36.974,6.80035,6.8129,1.00,2.00
2009.02.25 02:42:50.390,6.80035,6.8127,1.00,2.00
2009.02.25 02:42:50.501,6.8,6.8119,1.00,2.00
2009.02.25 02:42:53.350,6.8,6.8121,1.00,2.00
2009.02.25 02:42:55.389,6.8,6.8123,1.00,2.00
2009.02.25 02:43:05.707,6.8,6.8124,1.00,2.00
2009.02.25 02:43:19.613,6.8,6.8121,1.00,2.00
2009.02.25 02:43:24.902,6.8,6.8119,1.00,2.00
2009.02.25 02:43:26.142,6.8,6.8116,1.00,2.00
2009.02.25 02:43:26.322,6.8,6.8113,1.00,2.00
2009.02.25 02:43:27.132,6.8,6.8111,1.00,2.00
2009.02.25 02:43:27.662,6.8,6.8107,1.00,2.00
2009.02.25 02:43:28.373,6.8,6.8105,1.00,2.00
2009.02.25 02:43:28.661,6.8,6.8103,1.00,2.00
2009.02.25 02:43:29.481,6.8,6.81,1.00,2.00
2009.02.25 02:43:31.021,6.8,6.8103,1.00,2.00
2009.02.25 02:43:31.901,6.8,6.8102,1.00,2.00
2009.02.25 02:43:33.380,6.8,6.81,1.00,2.00
2009.02.25 02:43:34.560,6.8,6.8103,1.00,2.00
2009.02.25 02:43:36.400,6.8,6.81,1.00,2.00
2009.02.25 02:43:38.189,6.8,6.8103,1.00,2.00
2009.02.25 02:43:38.529,6.8,6.8107,1.00,2.00
2009.02.25 02:43:45.997,6.8,6.8111,1.00,2.00
2009.02.25 02:43:48.356,6.8,6.8107,1.00,2.00
2009.02.25 02:43:54.525,6.8,6.8108,1.00,2.00
2009.02.25 02:44:36.174,6.8,6.8109,1.00,2.00
2009.02.25 02:44:36.755,6.8,6.8106,1.00,2.00
2009.02.25 02:44:37.554,6.8,6.8103,1.00,2.00
2009.02.25 02:44:38.244,6.8,6.8108,1.00,2.00
2009.02.25 02:44:38.814,6.8,6.8113,1.00,2.00
2009.02.25 02:44:48.421,6.8,6.8129,1.00,2.00
2009.02.25 02:44:49.051,6.80005,6.8129,1.00,2.00
2009.02.25 02:44:49.441,6.8,6.8122,1.00,2.00
2009.02.25 02:44:56.400,6.8,6.8125,1.00,2.00
2009.02.25 02:44:59.909,6.8,6.8127,1.00,2.00
2009.02.25 02:45:12.436,6.7992,6.8122,1.60,2.00
2009.02.25 02:45:12.616,6.8,6.8122,1.00,2.00
2009.02.25 02:45:18.175,6.8,6.8125,1.00,2.00
2009.02.25 02:45:32.041,6.8,6.8124,1.00,2.00
2009.02.25 02:46:05.563,6.8,6.8127,1.00,2.00
2009.02.25 02:46:05.863,6.8,6.8124,1.00,2.00
2009.02.25 02:46:05.983,6.8,6.8122,1.00,2.00
2009.02.25 02:46:07.663,6.8,6.8119,1.00,2.00
2009.02.25 02:46:08.352,6.8,6.8118,1.00,2.00
2009.02.25 02:46:09.302,6.8,6.8122,1.00,2.00
2009.02.25 02:46:09.662,6.8,6.8123,1.00,2.00
2009.02.25 02:46:11.521,6.8,6.8119,1.00,2.00
2009.02.25 02:46:49.142,6.8,6.8116,1.00,2.00
2009.02.25 02:46:49.942,6.8,6.8119,1.00,2.00
2009.02.25 02:46:53.082,6.8,6.8127,1.00,2.00
2009.02.25 02:46:53.871,6.80005,6.8127,1.00,2.00
2009.02.25 02:46:54.151,6.80005,6.8128,1.00,2.00
2009.02.25 02:46:54.671,6.80005,6.813,1.00,2.00
2009.02.25 02:46:55.071,6.8003,6.813,1.00,2.00
2009.02.25 02:46:56.221,6.8005,6.8132,1.00,2.00
2009.02.25 02:46:56.801,6.80035,6.813,1.00,2.00
2009.02.25 02:46:57.730,6.80035,6.8127,1.00,2.00
2009.02.25 02:46:58.250,6.80015,6.8127,1.00,2.00
2009.02.25 02:47:00.720,6.7992,6.8124,1.60,2.00
2009.02.25 02:47:01.070,6.8,6.8124,1.00,2.00
2009.02.25 02:47:02.119,6.8,6.8128,1.00,2.00
2009.02.25 02:47:02.479,6.80005,6.8128,1.00,2.00
2009.02.25 02:47:04.099,6.80005,6.8122,1.00,2.00
2009.02.25 02:47:04.219,6.8,6.8122,1.00,2.00
2009.02.25 02:47:07.188,6.8,6.8124,1.00,2.00
2009.02.25 02:47:07.708,6.80005,6.8128,1.00,2.00
2009.02.25 02:47:12.977,6.8,6.8118,1.00,2.00
2009.02.25 02:47:26.464,6.8,6.8111,1.00,2.00
2009.02.25 02:47:26.793,6.8,6.8108,1.00,2.00
2009.02.25 02:47:27.503,6.8,6.8107,1.00,2.00
2009.02.25 02:47:30.003,6.8,6.8108,1.00,2.00
2009.02.25 02:47:30.572,6.8,6.8106,1.00,2.00
2009.02.25 02:47:31.312,6.8,6.8108,1.00,2.00
2009.02.25 02:47:32.532,6.8,6.8107,1.00,2.00
2009.02.25 02:47:32.862,6.8,6.8106,1.00,2.00
2009.02.25 02:47:33.032,6.8,6.8107,1.00,2.00
2009.02.25 02:47:37.671,6.8,6.8108,1.00,2.00
2009.02.25 02:47:37.951,6.8,6.8106,1.00,2.00
2009.02.25 02:48:03.754,6.8,6.8102,1.00,2.00
2009.02.25 02:48:04.134,6.8,6.8103,1.00,2.00
2009.02.25 02:48:16.831,6.8,6.8106,1.00,2.00
2009.02.25 02:48:20.580,6.8,6.81,1.00,2.00
2009.02.25 02:48:21.290,6.8,6.8103,1.00,2.00
2009.02.25 02:48:21.410,6.8,6.8107,1.00,2.00
2009.02.25 02:48:21.870,6.8,6.8108,1.00,2.00
2009.02.25 02:48:34.297,6.8,6.8106,1.00,2.00
2009.02.25 02:48:51.603,6.8,6.8108,1.00,2.00
2009.02.25 02:48:53.063,6.8,6.8111,1.00,2.00
2009.02.25 02:48:58.141,6.8,6.8114,1.00,2.00
2009.02.25 02:49:00.261,6.8,6.8123,1.00,2.00
2009.02.25 02:49:00.601,6.8,6.8124,1.00,2.00
2009.02.25 02:49:05.879,6.8,6.8122,1.00,2.00
2009.02.25 02:49:06.109,6.8,6.8123,1.00,2.00
2009.02.25 02:49:12.918,6.8,6.8128,1.00,2.00
2009.02.25 02:49:13.318,6.80005,6.8128,1.00,2.00
2009.02.25 02:49:13.768,6.8,6.8125,1.00,2.00
2009.02.25 02:49:20.216,6.8,6.8123,1.00,2.00
2009.02.25 02:49:20.916,6.8,6.812,1.00,2.00
2009.02.25 02:49:29.184,6.8,6.8125,1.00,2.00
2009.02.25 02:49:31.803,6.8,6.8126,1.00,2.00
2009.02.25 02:50:10.084,6.7988,6.8123,1.60,2.00
2009.02.25 02:50:16.242,6.7998,6.8126,1.00,2.00
2009.02.25 02:50:20.391,6.7988,6.8123,1.60,2.00
2009.02.25 02:50:20.911,6.7998,6.8123,1.00,2.00
2009.02.25 02:50:29.419,6.8,6.8125,1.00,2.00
2009.02.25 02:50:53.513,6.8,6.8129,1.00,2.00
2009.02.25 02:50:53.913,6.80005,6.8129,1.00,2.00
2009.02.25 02:51:03.111,6.80005,6.8131,1.00,2.00
2009.02.25 02:51:03.461,6.8003,6.8131,1.00,2.00
2009.02.25 02:51:08.250,6.8003,6.8129,1.00,2.00
2009.02.25 02:51:08.700,6.80015,6.8129,1.00,2.00
2009.02.25 02:51:38.303,6.80015,6.813,1.00,2.00
2009.02.25 02:51:38.803,6.80015,6.8131,1.00,2.00
2009.02.25 02:51:38.923,6.80035,6.8131,1.00,2.00
2009.02.25 02:51:43.142,6.80035,6.8128,1.00,2.00
2009.02.25 02:51:43.482,6.80015,6.8128,1.00,2.00
2009.02.25 02:51:49.420,6.80015,6.8131,1.00,2.00
2009.02.25 02:51:49.770,6.80035,6.813,1.00,2.00
2009.02.25 02:51:51.889,6.80015,6.8127,1.00,2.00
2009.02.25 02:51:54.918,6.80015,6.813,1.00,2.00
2009.02.25 02:51:55.338,6.8002,6.813,1.00,2.00
2009.02.25 02:51:55.619,6.80055,6.8132,1.00,2.00
2009.02.25 02:51:58.428,6.80055,6.8133,1.00,2.00
2009.02.25 02:52:03.556,6.80055,6.8134,1.00,2.00
2009.02.25 02:52:08.625,6.80015,6.8131,1.00,2.00
2009.02.25 02:52:09.215,6.80035,6.8131,1.00,2.00
2009.02.25 02:52:40.647,6.80015,6.8129,1.00,2.00
2009.02.25 02:52:40.937,6.80035,6.8131,1.00,2.00
2009.02.25 02:52:43.197,6.80055,6.8135,1.00,2.00
2009.02.25 02:52:47.606,6.80085,6.8136,1.00,2.00
2009.02.25 02:52:47.846,6.80085,6.8135,1.00,2.00
2009.02.25 02:52:48.386,6.80065,6.8135,1.00,2.00
2009.02.25 02:52:48.736,6.80085,6.8136,1.00,2.00
2009.02.25 02:52:49.186,6.8004,6.8131,1.00,2.00
2009.02.25 02:52:49.825,6.799,6.8125,2.60,2.00
2009.02.25 02:52:50.175,6.7998,6.8124,1.00,2.00
2009.02.25 02:52:50.795,6.8,6.8123,1.00,2.00
2009.02.25 02:52:51.155,6.8,6.8119,1.00,2.00
2009.02.25 02:52:51.325,6.8,6.8115,1.00,2.00
2009.02.25 02:52:52.255,6.8,6.8113,1.00,2.00
2009.02.25 02:52:52.485,6.8,6.8118,1.00,2.00
2009.02.25 02:52:52.985,6.8,6.8112,1.00,2.00
2009.02.25 02:52:54.015,6.8,6.8109,1.00,2.00
2009.02.25 02:52:54.464,6.8,6.8112,1.00,2.00
2009.02.25 02:52:54.754,6.8,6.8117,1.00,2.00
2009.02.25 02:52:55.154,6.8,6.8118,1.00,2.00
2009.02.25 02:52:56.064,6.8,6.8111,1.00,2.00
2009.02.25 02:52:57.164,6.8,6.8107,1.00,2.00
2009.02.25 02:52:58.183,6.8,6.8103,1.00,2.00
2009.02.25 02:52:58.474,6.8,6.8111,1.00,2.00
2009.02.25 02:52:59.183,6.8,6.8117,1.00,2.00
2009.02.25 02:52:59.763,6.8,6.8122,1.00,2.00
2009.02.25 02:53:00.173,6.8,6.8124,1.00,2.00
2009.02.25 02:53:00.503,6.8,6.8127,1.00,2.00
2009.02.25 02:53:00.903,6.8003,6.813,1.00,2.00
2009.02.25 02:53:01.362,6.8005,6.813,1.00,2.00
2009.02.25 02:53:01.653,6.8005,6.8132,1.00,2.00
2009.02.25 02:53:02.692,6.80035,6.813,1.00,2.00
2009.02.25 02:53:03.662,6.80055,6.813,1.00,2.00
2009.02.25 02:53:03.972,6.80015,6.8128,1.00,2.00
2009.02.25 02:53:05.082,6.8,6.8127,1.00,2.00
2009.02.25 02:53:07.831,6.8,6.8128,1.00,2.00
2009.02.25 02:53:08.231,6.80005,6.8128,1.00,2.00
2009.02.25 02:53:14.230,6.8,6.8127,1.00,2.00
2009.02.25 02:53:16.629,6.8,6.8122,1.00,2.00
2009.02.25 02:53:17.009,6.8,6.8123,1.00,2.00
2009.02.25 02:53:17.559,6.8,6.8127,1.00,2.00
2009.02.25 02:53:17.739,6.8,6.8123,1.00,2.00
2009.02.25 02:53:31.036,6.8,6.8116,1.00,2.00
2009.02.25 02:53:35.374,6.8,6.8119,1.00,2.00
2009.02.25 02:53:47.111,6.8,6.8123,1.00,2.00
2009.02.25 02:53:49.831,6.8,6.8119,1.00,2.00
2009.02.25 02:53:50.861,6.8,6.8118,1.00,2.00
2009.02.25 02:53:51.641,6.8,6.8117,1.00,2.00
2009.02.25 02:53:51.990,6.8,6.8112,1.00,2.00
2009.02.25 02:53:52.460,6.8,6.8111,1.00,2.00
2009.02.25 02:53:55.269,6.8,6.8116,1.00,2.00
2009.02.25 02:53:56.129,6.8,6.8111,1.00,2.00
2009.02.25 02:53:56.539,6.8,6.8106,1.00,2.00
2009.02.25 02:53:57.839,6.8,6.8107,1.00,2.00
2009.02.25 02:53:58.299,6.8,6.8097,1.00,2.00
2009.02.25 02:53:58.479,6.8,6.8094,1.00,2.00
2009.02.25 02:53:59.759,6.8,6.8091,1.00,2.00
2009.02.25 02:54:00.638,6.8,6.81,1.00,2.00
2009.02.25 02:54:01.438,6.8,6.8092,1.00,2.00
2009.02.25 02:54:02.118,6.8,6.8097,1.00,2.00
2009.02.25 02:54:05.417,6.8,6.8084,1.00,2.00
2009.02.25 02:54:05.897,6.8,6.8088,1.00,2.00
2009.02.25 02:54:08.546,6.8,6.809,1.00,2.00
2009.02.25 02:54:09.786,6.8,6.8091,1.00,2.00
2009.02.25 02:54:10.346,6.8,6.8092,1.00,2.00
2009.02.25 02:54:12.845,6.8,6.8085,1.00,2.00
2009.02.25 02:54:13.855,6.8,6.8091,1.00,2.00
2009.02.25 02:54:27.562,6.8,6.8092,1.00,2.00
2009.02.25 02:54:32.951,6.8,6.8093,1.00,2.00
2009.02.25 02:54:36.090,6.8,6.8101,1.00,2.00
2009.02.25 02:54:36.370,6.8,6.8096,1.00,2.00
2009.02.25 02:54:36.940,6.8,6.8098,1.00,2.00
2009.02.25 02:54:41.208,6.8,6.8097,1.00,2.00
2009.02.25 02:54:41.668,6.8,6.8101,1.00,2.00
2009.02.25 02:54:44.618,6.8,6.8097,1.00,2.00
2009.02.25 02:54:47.897,6.8,6.8102,1.00,2.00
2009.02.25 02:54:49.797,6.8,6.8098,1.00,2.00
2009.02.25 02:54:51.746,6.8,6.8102,1.00,2.00
2009.02.25 02:54:52.426,6.8,6.8107,1.00,2.00
2009.02.25 02:54:52.836,6.8,6.8111,1.00,2.00
2009.02.25 02:54:53.296,6.8,6.8112,1.00,2.00
2009.02.25 02:54:54.726,6.8,6.8117,1.00,2.00
2009.02.25 02:54:55.175,6.8,6.8122,1.00,2.00
2009.02.25 02:54:55.585,6.8,6.8117,1.00,2.00
2009.02.25 02:54:57.884,6.8,6.8118,1.00,2.00
2009.02.25 02:55:00.214,6.8,6.8114,1.00,2.00
2009.02.25 02:55:02.114,6.8,6.8118,1.00,2.00
2009.02.25 02:55:02.673,6.7988,6.8118,1.00,2.00
2009.02.25 02:55:05.553,6.7993,6.8122,1.00,2.00
2009.02.25 02:55:08.712,6.79975,6.8124,1.00,2.00
2009.02.25 02:55:10.381,6.79995,6.8124,1.00,2.00
2009.02.25 02:55:10.891,6.79985,6.8124,1.00,2.00
2009.02.25 02:55:13.101,6.79965,6.8122,1.00,2.00
2009.02.25 02:55:18.949,6.79845,6.8119,1.60,2.00
2009.02.25 02:55:19.469,6.7991,6.8119,1.00,2.00
2009.02.25 02:55:19.829,6.7989,6.8117,1.00,2.00
2009.02.25 02:55:20.179,6.79835,6.8111,1.00,2.00
2009.02.25 02:55:20.549,6.7978,6.8106,1.00,2.00
2009.02.25 02:55:20.909,6.79725,6.8101,1.00,2.00
2009.02.25 02:55:21.369,6.7974,6.8101,1.00,2.00
2009.02.25 02:55:21.758,6.79765,6.8106,1.00,2.00
2009.02.25 02:55:26.628,6.79765,6.8111,1.00,2.00
2009.02.25 02:55:26.907,6.79815,6.8111,1.00,2.00
2009.02.25 02:55:27.357,6.79815,6.8114,1.00,2.00
2009.02.25 02:55:27.657,6.7986,6.8117,1.00,2.00
2009.02.25 02:55:28.067,6.79875,6.8117,1.00,2.00
2009.02.25 02:55:29.107,6.7986,6.8116,1.00,2.00
2009.02.25 02:55:32.966,6.79825,6.8111,1.00,2.00
2009.02.25 02:55:33.426,6.79825,6.8112,1.00,2.00
2009.02.25 02:55:33.836,6.79845,6.8112,1.00,2.00
2009.02.25 02:55:46.443,6.79845,6.8108,1.00,2.00
2009.02.25 02:55:46.563,6.798,6.8107,1.00,2.00
2009.02.25 02:55:47.242,6.798,6.8111,1.00,2.00
2009.02.25 02:55:47.522,6.79845,6.8112,1.00,2.00
2009.02.25 02:55:50.172,6.79845,6.8108,1.00,2.00
2009.02.25 02:55:50.342,6.7983,6.8108,1.00,2.00
2009.02.25 02:55:50.842,6.798,6.8107,1.00,2.00
2009.02.25 02:55:51.241,6.798,6.8111,1.00,2.00
2009.02.25 02:55:51.402,6.798,6.8107,1.00,2.00
2009.02.25 02:55:53.422,6.798,6.8103,1.00,2.00
2009.02.25 02:55:54.111,6.79775,6.8103,1.00,2.00
2009.02.25 02:55:54.521,6.79795,6.8107,1.00,2.00
2009.02.25 02:55:55.091,6.79775,6.8103,1.00,2.00
2009.02.25 02:55:55.450,6.7975,6.8102,1.00,2.00
2009.02.25 02:55:56.490,6.7972,6.8102,1.00,2.00
2009.02.25 02:55:57.560,6.797,6.8102,1.00,2.00
2009.02.25 02:55:58.330,6.79715,6.8102,1.00,2.00
2009.02.25 02:56:02.299,6.79715,6.8098,1.00,2.00
2009.02.25 02:56:02.749,6.79715,6.8095,1.00,2.00
2009.02.25 02:56:02.989,6.79715,6.8102,1.00,2.00
2009.02.25 02:56:03.279,6.7966,6.8102,1.80,2.00
2009.02.25 02:56:03.609,6.7966,6.8106,1.80,2.00
2009.02.25 02:56:04.168,6.79775,6.8106,1.00,2.00
2009.02.25 02:56:04.528,6.79775,6.8107,1.00,2.00
2009.02.25 02:56:06.238,6.79775,6.8103,1.00,2.00
2009.02.25 02:56:06.618,6.79775,6.8107,1.00,2.00
2009.02.25 02:56:06.788,6.79795,6.8107,1.00,2.00
2009.02.25 02:56:13.556,6.7976,6.81,1.00,2.00
2009.02.25 02:56:15.406,6.7979,6.8106,1.00,2.00
2009.02.25 02:56:15.746,6.79825,6.8108,1.00,2.00
2009.02.25 02:56:16.335,6.7982,6.8108,1.00,2.00
2009.02.25 02:56:17.775,6.7982,6.8111,1.00,2.00
2009.02.25 02:56:18.125,6.79845,6.8112,1.00,2.00
2009.02.25 02:56:20.085,6.79805,6.8107,1.00,2.00
2009.02.25 02:56:20.724,6.79805,6.8103,1.00,2.00
2009.02.25 02:56:21.074,6.79775,6.8103,1.00,2.00
2009.02.25 02:56:21.704,6.79795,6.8106,1.00,2.00
2009.02.25 02:56:21.884,6.79815,6.8111,1.00,2.00
2009.02.25 02:56:23.274,6.79825,6.8111,1.00,2.00
2009.02.25 02:56:23.923,6.79825,6.8108,1.00,2.00
2009.02.25 02:56:27.063,6.79825,6.8112,1.00,2.00
2009.02.25 02:56:27.233,6.79845,6.8112,1.00,2.00
2009.02.25 02:56:29.262,6.7987,6.8114,1.00,2.00
2009.02.25 02:56:31.722,6.7985,6.8114,1.00,2.00
2009.02.25 02:56:31.892,6.7976,6.8111,2.60,2.00
2009.02.25 02:56:32.062,6.7985,6.8111,1.00,2.00
2009.02.25 02:56:32.552,6.7985,6.8106,1.00,2.00
2009.02.25 02:56:32.662,6.7981,6.8106,1.00,2.00
2009.02.25 02:56:32.992,6.7981,6.8108,1.00,2.00
2009.02.25 02:56:33.332,6.7982,6.8108,1.00,2.00
2009.02.25 02:56:33.841,6.79845,6.8111,1.00,2.00
2009.02.25 02:56:35.131,6.79845,6.8102,1.00,2.00
2009.02.25 02:56:35.601,6.7976,6.8102,1.00,2.00
2009.02.25 02:56:36.690,6.7976,6.8106,1.00,2.00
2009.02.25 02:56:37.151,6.79775,6.8106,1.00,2.00
2009.02.25 02:56:37.330,6.79755,6.81,1.00,2.00
2009.02.25 02:56:38.410,6.79755,6.8099,1.00,2.00
2009.02.25 02:56:41.789,6.79635,6.8094,1.60,2.00
2009.02.25 02:56:42.130,6.7968,6.8094,1.00,2.00
2009.02.25 02:56:45.148,6.79665,6.8092,1.00,2.00
2009.02.25 02:56:47.718,6.79665,6.809,1.00,2.00
2009.02.25 02:56:48.109,6.79645,6.809,1.00,2.00
2009.02.25 02:56:49.078,6.79615,6.8087,1.00,2.00
2009.02.25 02:56:50.447,6.79635,6.809,1.00,2.00
2009.02.25 02:56:52.717,6.79635,6.8095,1.00,2.00
2009.02.25 02:56:53.127,6.7968,6.8095,1.00,2.00
2009.02.25 02:56:53.537,6.7961,6.8087,1.00,2.00
2009.02.25 02:56:57.725,6.7961,6.8085,1.00,2.00
2009.02.25 02:56:58.066,6.7959,6.8085,1.00,2.00
2009.02.25 02:57:02.845,6.7959,6.8082,1.00,2.00
2009.02.25 02:57:03.024,6.7956,6.8082,1.00,2.00
2009.02.25 02:57:05.004,6.7949,6.8079,1.00,2.00
2009.02.25 02:57:05.754,6.7956,6.8082,1.00,2.00
2009.02.25 02:57:06.204,6.79505,6.808,1.00,2.00
2009.02.25 02:57:06.553,6.79525,6.808,1.00,2.00
2009.02.25 02:57:08.243,6.79525,6.8077,1.00,2.00
2009.02.25 02:57:08.633,6.7951,6.8077,1.00,2.00
2009.02.25 02:57:09.933,6.7953,6.808,1.00,2.00
2009.02.25 02:57:10.213,6.7953,6.8082,1.00,2.00
2009.02.25 02:57:10.722,6.79555,6.8082,1.00,2.00
2009.02.25 02:57:12.732,6.7948,6.8082,1.80,2.00
2009.02.25 02:57:13.052,6.7956,6.8085,1.00,2.00
2009.02.25 02:57:13.952,6.7959,6.8087,1.00,2.00
2009.02.25 02:57:16.211,6.7959,6.8085,1.00,2.00
2009.02.25 02:57:17.351,6.7959,6.8087,1.00,2.00
2009.02.25 02:57:18.042,6.7961,6.8087,1.00,2.00
2009.02.25 02:57:18.960,6.7961,6.809,1.00,2.00
2009.02.25 02:57:19.360,6.79635,6.809,1.00,2.00
2009.02.25 02:57:20.050,6.7961,6.8087,1.00,2.00
2009.02.25 02:57:23.689,6.7959,6.8085,1.00,2.00
2009.02.25 02:57:24.089,6.79495,6.809,1.60,2.00
2009.02.25 02:57:24.499,6.79495,6.8082,1.00,2.00
2009.02.25 02:57:24.779,6.79525,6.8082,1.00,2.00
2009.02.25 02:57:26.369,6.7951,6.8077,1.00,2.00
2009.02.25 02:57:26.838,6.79525,6.8079,1.00,2.00
2009.02.25 02:57:29.338,6.79505,6.8074,1.00,2.00
2009.02.25 02:57:29.898,6.79485,6.8074,1.00,2.00
2009.02.25 02:57:32.257,6.79505,6.8077,1.00,2.00
2009.02.25 02:57:33.257,6.79485,6.8074,1.00,2.00
2009.02.25 02:57:34.617,6.79485,6.8079,1.00,2.00
2009.02.25 02:57:34.887,6.79525,6.8079,1.00,2.00
2009.02.25 02:57:36.916,6.79445,6.8074,1.60,2.00
2009.02.25 02:57:37.376,6.79485,6.8074,1.00,2.00
2009.02.25 02:57:37.556,6.79485,6.8077,1.00,2.00
2009.02.25 02:57:37.896,6.79505,6.8077,1.00,2.00
2009.02.25 02:57:55.862,6.79505,6.8079,1.00,2.00
2009.02.25 02:57:56.151,6.79525,6.8079,1.00,2.00
2009.02.25 02:57:57.291,6.79525,6.8082,1.00,2.00
2009.02.25 02:57:57.471,6.7956,6.8082,1.00,2.00
2009.02.25 02:57:57.821,6.7956,6.8086,1.00,2.00
2009.02.25 02:57:58.181,6.7958,6.8086,1.00,2.00
2009.02.25 02:58:00.680,6.7956,6.8082,1.00,2.00
2009.02.25 02:58:03.550,6.7958,6.8086,1.00,2.00
2009.02.25 02:58:06.099,6.7946,6.8082,1.80,2.00
2009.02.25 02:58:07.079,6.7954,6.8082,1.00,2.00
2009.02.25 02:58:08.138,6.7958,6.8086,1.00,2.00
2009.02.25 02:58:08.928,6.7958,6.8085,1.00,2.00
2009.02.25 02:58:09.278,6.7958,6.8087,1.00,2.00
2009.02.25 02:58:09.758,6.79635,6.809,1.00,2.00
2009.02.25 02:58:10.098,6.79655,6.8095,1.00,2.00
2009.02.25 02:58:10.568,6.79685,6.8101,1.00,2.00
2009.02.25 02:58:10.848,6.79725,6.8106,1.00,2.00
2009.02.25 02:58:11.598,6.79725,6.8101,1.00,2.00
2009.02.25 02:58:12.288,6.79725,6.8092,1.00,2.00
2009.02.25 02:58:12.857,6.79675,6.8092,1.00,2.00
2009.02.25 02:58:13.268,6.7964,6.809,1.00,2.00
2009.02.25 02:58:15.007,6.79615,6.809,1.00,2.00
2009.02.25 02:58:15.307,6.79625,6.809,1.00,2.00
2009.02.25 02:58:15.917,6.79615,6.8087,1.00,2.00
2009.02.25 02:58:17.626,6.7963,6.809,1.00,2.00
2009.02.25 02:58:40.121,6.79685,6.8095,1.00,2.00
2009.02.25 02:58:42.380,6.79665,6.8092,1.00,2.00
2009.02.25 02:58:45.170,6.7969,6.8095,1.00,2.00
2009.02.25 02:58:47.349,6.7957,6.8092,1.80,2.00
2009.02.25 02:58:47.599,6.79645,6.8095,1.00,2.00
2009.02.25 02:58:47.829,6.79695,6.8098,1.00,2.00
2009.02.25 02:58:48.609,6.79715,6.8101,1.00,2.00
2009.02.25 02:58:48.909,6.7966,6.8106,1.80,2.00
2009.02.25 02:58:49.959,6.7974,6.8111,1.00,2.00
2009.02.25 02:58:50.478,6.79705,6.8102,1.00,2.00
2009.02.25 02:58:51.108,6.79735,6.8102,1.00,2.00
2009.02.25 02:58:53.618,6.79785,6.81,1.00,2.00
2009.02.25 02:58:53.968,6.79785,6.8106,1.00,2.00
2009.02.25 02:58:56.207,6.79785,6.8108,1.00,2.00
2009.02.25 02:58:56.567,6.7982,6.8108,1.00,2.00
2009.02.25 02:58:59.976,6.798,6.8107,1.00,2.00
2009.02.25 02:59:01.526,6.79775,6.8103,1.00,2.00
2009.02.25 02:59:04.125,6.7979,6.8106,1.00,2.00
2009.02.25 02:59:04.985,6.7979,6.8111,1.00,2.00
2009.02.25 02:59:05.335,6.7984,6.8111,1.00,2.00
2009.02.25 02:59:05.695,6.79825,6.8111,1.00,2.00
2009.02.25 02:59:06.395,6.79825,6.8108,1.00,2.00
2009.02.25 02:59:07.194,6.798,6.8107,1.00,2.00
2009.02.25 02:59:08.604,6.798,6.8111,1.00,2.00
2009.02.25 02:59:09.004,6.7981,6.8111,1.00,2.00
2009.02.25 02:59:09.304,6.798,6.8107,1.00,2.00
2009.02.25 02:59:29.249,6.7978,6.8106,1.00,2.00
2009.02.25 02:59:29.649,6.7978,6.8101,1.00,2.00
2009.02.25 02:59:30.409,6.7973,6.8101,1.00,2.00
2009.02.25 02:59:34.608,6.79695,6.8097,1.00,2.00
2009.02.25 02:59:35.857,6.79695,6.8098,1.00,2.00
2009.02.25 02:59:36.197,6.7971,6.8098,1.00,2.00
2009.02.25 02:59:37.337,6.7959,6.8097,1.80,2.00
2009.02.25 02:59:37.697,6.7965,6.8092,1.00,2.00
2009.02.25 02:59:38.897,6.7965,6.809,1.00,2.00
2009.02.25 02:59:46.115,6.7965,6.8087,1.00,2.00
2009.02.25 02:59:46.865,6.79615,6.8087,1.00,2.00
2009.02.25 02:59:47.264,6.7959,6.8086,1.00,2.00
2009.02.25 02:59:48.544,6.7964,6.8087,1.00,2.00
2009.02.25 02:59:51.933,6.7962,6.8083,1.00,2.00
2009.02.25 02:59:53.563,6.7959,6.8081,2.60,2.00
2009.02.25 02:59:55.602,6.7959,6.8078,1.60,2.00
2009.02.25 02:59:55.893,6.7956,6.8078,1.00,2.00
