2015.04.16 21:00:00.080,7.74522,7.75378,0.75,1.60
2015.04.16 21:00:00.231,7.74512,7.75378,0.75,1.60
2015.04.16 21:00:00.611,7.74493,7.75378,0.75,1.60
2015.04.16 21:00:00.712,7.74482,7.75368,0.75,0.75
2015.04.16 21:00:01.513,7.74442,7.75348,0.75,0.75
2015.04.16 21:00:03.339,7.74453,7.75377,0.75,0.75
2015.04.16 21:00:03.697,7.74463,7.75377,0.75,0.75
2015.04.16 21:00:05.700,7.74473,7.75377,0.75,0.75
2015.04.16 21:00:08.504,7.74512,7.75458,0.75,0.75
2015.04.16 21:00:08.615,7.74522,7.75458,0.75,0.75
2015.04.16 21:00:09.091,7.74522,7.75438,0.75,0.75
2015.04.16 21:00:10.022,7.74552,7.75438,0.75,0.75
2015.04.16 21:00:10.914,7.74562,7.75438,0.75,0.75
2015.04.16 21:00:11.916,7.74572,7.75438,0.75,0.75
2015.04.16 21:00:12.357,7.74582,7.75438,0.75,0.75
2015.04.16 21:00:14.142,7.74443,7.75347,0.75,0.75
2015.04.16 21:00:16.229,7.74382,7.75538,0.75,0.75
2015.04.16 21:00:59.603,7.74392,7.75538,0.75,0.75
2015.04.16 21:01:00.095,7.74427,7.75444,0.37,0.37
2015.04.16 21:01:04.043,7.74392,7.75478,0.75,0.37
2015.04.16 21:01:11.927,7.74392,7.75296,0.75,0.75
2015.04.16 21:01:17.977,7.74376,7.75296,0.75,0.75
2015.04.16 21:01:18.129,7.74303,7.75305,0.75,0.75
2015.04.16 21:01:19.956,7.74303,7.75232,0.75,0.75
2015.04.16 21:01:30.780,7.74312,7.75232,0.75,0.75
2015.04.16 21:01:53.833,7.74294,7.75232,0.75,0.75
2015.04.16 21:02:00.266,7.743,7.75232,0.37,0.75
2015.04.16 21:02:00.823,7.74333,7.75232,0.75,0.75
2015.04.16 21:02:02.734,7.74346,7.75232,0.37,0.75
2015.04.16 21:02:02.785,7.74419,7.75361,0.75,0.75
2015.04.16 21:02:03.223,7.74303,7.75295,0.75,0.75
2015.04.16 21:02:40.171,7.74302,7.75295,0.75,0.75
2015.04.16 21:03:03.420,7.74302,7.75376,0.75,0.37
2015.04.16 21:03:05.332,7.74312,7.75376,0.75,0.37
2015.04.16 21:03:09.322,7.74312,7.75486,0.75,0.37
2015.04.16 21:03:13.127,7.74312,7.75413,0.75,0.37
2015.04.16 21:03:36.694,7.74272,7.7523,0.75,0.75
2015.04.16 21:03:38.115,7.74294,7.7516,0.75,0.75
2015.04.16 21:03:42.270,7.74243,7.75325,0.75,0.75
2015.04.16 21:03:43.504,7.74289,7.75271,0.75,0.75
2015.04.16 21:03:50.459,7.74292,7.75271,0.75,0.75
2015.04.16 21:04:43.750,7.74292,7.75388,1.00,1.00
2015.04.16 21:04:52.864,7.74302,7.75278,1.00,1.00
2015.04.16 21:04:59.838,7.74312,7.75288,1.00,1.00
2015.04.16 21:05:00.279,7.74322,7.75298,1.00,1.00
2015.04.16 21:05:18.370,7.74282,7.75288,1.00,1.00
2015.04.16 21:05:23.594,7.74312,7.75318,1.00,1.00
2015.04.16 21:05:40.948,7.74302,7.75308,1.00,1.00
2015.04.16 21:06:05.030,7.74302,7.75308,1.50,1.00
2015.04.16 21:06:05.082,7.74387,7.75537,1.30,1.00
2015.04.16 21:06:05.883,7.74405,7.75537,1.00,1.00
2015.04.16 21:06:34.761,7.74405,7.75537,1.75,1.00
2015.04.16 21:06:35.166,7.74405,7.75271,1.00,1.00
2015.04.16 21:06:50.816,7.74399,7.75271,1.30,1.00
2015.04.16 21:06:54.574,7.74399,7.75297,1.30,1.00
2015.04.16 21:07:05.628,7.74396,7.75297,1.30,1.00
2015.04.16 21:07:26.001,7.74407,7.75297,1.30,1.00
2015.04.16 21:07:30.908,7.74407,7.7534,1.30,1.00
2015.04.16 21:07:31.109,7.74407,7.753,1.30,1.00
2015.04.16 21:07:34.436,7.7423,7.753,1.00,1.00
2015.04.16 21:07:34.537,7.74122,7.75197,1.19,1.00
2015.04.16 21:07:34.638,7.74122,7.75238,1.19,1.00
2015.04.16 21:07:35.822,7.74122,7.75174,1.19,0.75
2015.04.16 21:07:36.741,7.74122,7.75174,1.00,1.00
2015.04.16 21:07:38.022,7.74122,7.75112,1.00,1.00
2015.04.16 21:07:47.522,7.7415,7.75093,1.00,1.00
2015.04.16 21:07:48.417,7.74147,7.75355,1.30,2.08
2015.04.16 21:07:48.468,7.74168,7.75355,1.30,2.08
2015.04.16 21:07:48.519,7.74168,7.75369,1.30,1.00
2015.04.16 21:07:48.970,7.74182,7.75369,1.00,1.00
2015.04.16 21:07:49.501,7.74182,7.7532,1.00,1.00
2015.04.16 21:08:09.334,7.74339,7.7532,1.30,1.00
2015.04.16 21:08:10.509,7.7436,7.7532,1.30,1.00
2015.04.16 21:08:30.117,7.74315,7.7532,1.30,1.00
2015.04.16 21:08:49.686,7.74315,7.75538,1.30,1.00
2015.04.16 21:08:50.256,7.74281,7.75538,1.30,1.00
2015.04.16 21:08:51.381,7.74281,7.75537,1.30,1.00
2015.04.16 21:09:07.926,7.74281,7.75538,1.30,1.00
2015.04.16 21:09:10.410,7.74337,7.75538,1.30,1.00
2015.04.16 21:09:50.857,7.743,7.75538,1.30,1.00
2015.04.16 21:10:10.894,7.74308,7.75538,1.30,1.00
2015.04.16 21:10:19.848,7.74132,7.74765,1.00,0.19
2015.04.16 21:10:20.191,7.74235,7.75057,1.30,0.94
2015.04.16 21:10:21.183,7.74235,7.75368,1.30,1.00
2015.04.16 21:10:22.963,7.74235,7.75295,1.30,1.00
2015.04.16 21:10:26.780,7.74235,7.74764,1.30,0.19
2015.04.16 21:10:26.881,7.74053,7.75131,1.00,1.49
2015.04.16 21:10:26.932,7.74042,7.75131,1.00,1.49
2015.04.16 21:10:27.042,7.74122,7.75131,1.00,1.49
2015.04.16 21:10:27.092,7.74122,7.75165,1.00,1.00
2015.04.16 21:10:27.262,7.74122,7.7522,1.00,1.00
2015.04.16 21:10:27.384,7.74132,7.75272,1.00,1.00
2015.04.16 21:10:27.680,7.74132,7.75188,1.00,1.00
2015.04.16 21:10:27.731,7.74102,7.75188,1.00,1.00
2015.04.16 21:10:27.833,7.74122,7.75188,1.00,1.00
2015.04.16 21:10:28.139,7.74122,7.7504,1.00,0.75
2015.04.16 21:10:28.240,7.74206,7.7547,1.30,1.00
2015.04.16 21:10:29.001,7.74206,7.75378,1.30,1.00
2015.04.16 21:10:30.437,7.74206,7.75316,1.30,1.00
2015.04.16 21:10:33.730,7.74206,7.75271,1.30,1.00
2015.04.16 21:10:34.281,7.74206,7.75294,1.30,1.00
2015.04.16 21:10:36.331,7.74045,7.75116,1.00,1.49
2015.04.16 21:10:36.662,7.74042,7.7493,1.19,1.19
2015.04.16 21:10:38.836,7.7379,7.74781,2.05,1.00
2015.04.16 21:10:38.945,7.7379,7.7493,2.05,1.00
2015.04.16 21:10:38.996,7.7379,7.74943,2.05,0.75
2015.04.16 21:10:39.046,7.74123,7.74943,1.00,0.75
2015.04.16 21:10:39.148,7.74231,7.75538,1.30,1.00
2015.04.16 21:10:39.671,7.74231,7.75524,1.30,1.00
2015.04.16 21:10:40.220,7.74231,7.75449,1.30,1.00
2015.04.16 21:10:41.430,7.74231,7.75366,1.30,1.00
2015.04.16 21:10:43.190,7.74231,7.75302,1.30,1.00
2015.04.16 21:10:59.464,7.74112,7.75302,1.00,1.00
2015.04.16 21:11:22.397,7.74122,7.75302,1.00,1.00
2015.04.16 21:11:39.032,7.74112,7.75302,1.00,1.00
2015.04.16 21:11:42.992,7.74132,7.75302,1.00,1.00
2015.04.16 21:11:43.242,7.74132,7.75538,1.00,1.00
2015.04.16 21:11:47.848,7.74132,7.75537,1.00,1.00
2015.04.16 21:11:50.753,7.74132,7.75538,1.00,1.00
2015.04.16 21:11:53.759,7.74132,7.75537,1.00,1.00
2015.04.16 21:11:54.103,7.74142,7.75537,1.00,1.00
2015.04.16 21:11:54.601,7.74152,7.75537,1.00,1.00
2015.04.16 21:11:58.266,7.74152,7.75538,1.00,1.00
2015.04.16 21:11:58.394,7.74142,7.75538,1.00,1.00
2015.04.16 21:11:59.769,7.74142,7.75537,1.00,1.00
2015.04.16 21:12:00.481,7.74142,7.75538,1.00,1.00
2015.04.16 21:12:01.685,7.74142,7.75537,1.00,1.00
2015.04.16 21:12:04.288,7.74142,7.75538,1.00,1.00
2015.04.16 21:12:09.086,7.74132,7.75538,1.00,1.00
2015.04.16 21:12:10.200,7.74132,7.75537,1.00,1.00
2015.04.16 21:12:12.489,7.74132,7.75538,1.00,1.00
2015.04.16 21:12:25.226,7.74132,7.75537,1.00,1.00
2015.04.16 21:12:38.828,7.74132,7.75538,1.00,1.00
2015.04.16 21:12:40.224,7.74122,7.75537,1.00,1.00
2015.04.16 21:12:41.233,7.74122,7.75538,1.00,1.00
2015.04.16 21:12:53.960,7.74132,7.75538,1.00,1.00
2015.04.16 21:12:56.800,7.74105,7.75538,1.30,1.00
2015.04.16 21:12:57.789,7.74132,7.75538,1.00,1.00
2015.04.16 21:12:58.989,7.74132,7.75537,1.00,1.00
2015.04.16 21:12:59.115,7.74105,7.75537,1.30,1.00
2015.04.16 21:12:59.730,7.74105,7.75538,1.30,1.00
2015.04.16 21:13:01.882,7.74189,7.75538,1.30,1.00
2015.04.16 21:13:22.388,7.74196,7.75538,1.30,1.00
2015.04.16 21:13:43.126,7.74211,7.75538,1.30,1.00
2015.04.16 21:14:03.494,7.74207,7.75538,1.30,1.00
2015.04.16 21:14:24.420,7.74221,7.75538,1.30,1.00
2015.04.16 21:14:44.423,7.74207,7.75538,1.30,1.00
2015.04.16 21:15:00.177,7.74207,7.75271,1.30,1.00
2015.04.16 21:15:04.986,7.74204,7.75271,1.30,1.00
2015.04.16 21:15:25.602,7.74205,7.75271,1.30,1.00
2015.04.16 21:15:46.447,7.74167,7.75271,1.30,1.00
2015.04.16 21:16:00.411,7.74167,7.75537,1.30,1.00
2015.04.16 21:16:05.851,7.74167,7.75538,1.30,1.00
2015.04.16 21:16:07.172,7.74171,7.75538,1.30,1.00
2015.04.16 21:16:17.624,7.74171,7.75537,1.30,1.00
2015.04.16 21:16:28.053,7.74122,7.75537,1.00,1.00
2015.04.16 21:16:28.910,7.74122,7.75538,1.00,1.00
2015.04.16 21:16:29.121,7.74113,7.75538,1.00,1.00
2015.04.16 21:16:37.228,7.74113,7.75537,1.00,1.00
2015.04.16 21:16:38.774,7.74113,7.75538,1.00,1.00
2015.04.16 21:16:44.837,7.74113,7.75537,1.00,1.00
2015.04.16 21:16:46.339,7.74113,7.75538,1.00,1.00
2015.04.16 21:16:52.245,7.74113,7.75537,1.00,1.00
2015.04.16 21:16:54.727,7.74112,7.75537,1.00,1.00
2015.04.16 21:16:55.252,7.74112,7.75538,1.00,1.00
2015.04.16 21:16:58.155,7.74112,7.75537,1.00,1.00
2015.04.16 21:16:59.275,7.74112,7.75538,1.00,1.00
2015.04.16 21:16:59.875,7.74112,7.75537,1.00,1.00
2015.04.16 21:17:01.261,7.74112,7.75538,1.00,1.00
2015.04.16 21:17:03.310,7.74282,7.75538,1.00,1.00
2015.04.16 21:17:03.418,7.74263,7.75538,1.00,1.00
2015.04.16 21:17:04.680,7.74263,7.75537,1.00,1.00
2015.04.16 21:17:05.767,7.74263,7.75538,1.00,1.00
2015.04.16 21:17:06.525,7.74272,7.75538,1.00,1.00
2015.04.16 21:17:07.270,7.74272,7.75537,1.00,1.00
2015.04.16 21:17:08.729,7.74282,7.75537,1.00,1.00
2015.04.16 21:17:09.399,7.74282,7.75538,1.00,1.00
2015.04.16 21:17:23.693,7.74282,7.75537,1.00,1.00
2015.04.16 21:17:25.198,7.74282,7.75538,1.00,1.00
2015.04.16 21:17:35.877,7.74282,7.75537,1.00,1.00
2015.04.16 21:17:37.319,7.74282,7.75538,1.00,1.00
2015.04.16 21:17:37.681,7.74252,7.75538,1.00,1.00
2015.04.16 21:17:40.162,7.74183,7.75538,1.00,1.00
2015.04.16 21:17:40.363,7.74192,7.75538,1.00,1.00
2015.04.16 21:17:40.464,7.74162,7.75538,1.00,1.00
2015.04.16 21:17:40.638,7.74162,7.75302,1.00,1.00
2015.04.16 21:17:40.956,7.74282,7.75271,1.00,1.00
2015.04.16 21:17:41.007,7.74272,7.75271,1.00,1.00
2015.04.16 21:17:48.577,7.74292,7.75271,1.00,1.00
2015.04.16 21:18:01.602,7.74253,7.75308,1.00,1.00
2015.04.16 21:18:10.126,7.74162,7.75308,1.00,1.00
2015.04.16 21:18:10.346,7.74172,7.75308,1.00,1.00
2015.04.16 21:18:10.865,7.74182,7.75308,1.00,1.00
2015.04.16 21:18:13.698,7.74202,7.75308,1.00,1.00
2015.04.16 21:18:14.027,7.74282,7.75308,1.00,1.00
2015.04.16 21:18:39.564,7.74272,7.75308,1.00,1.00
2015.04.16 21:18:41.082,7.74183,7.75308,1.00,1.00
2015.04.16 21:18:41.844,7.74182,7.75308,1.00,1.00
2015.04.16 21:18:43.171,7.74183,7.75308,1.00,1.00
2015.04.16 21:18:44.429,7.74182,7.75308,1.00,1.00
2015.04.16 21:19:01.704,7.74182,7.75537,1.00,1.00
2015.04.16 21:19:04.032,7.74173,7.75537,1.00,1.00
2015.04.16 21:19:10.144,7.74172,7.75537,1.00,1.00
2015.04.16 21:19:13.410,7.74162,7.75537,1.00,1.00
2015.04.16 21:19:14.811,7.74172,7.75537,1.00,1.00
2015.04.16 21:19:38.751,7.74243,7.75537,1.00,1.00
2015.04.16 21:19:40.069,7.74242,7.75538,1.00,1.00
2015.04.16 21:19:41.161,7.74233,7.75538,1.00,1.00
2015.04.16 21:19:44.184,7.74162,7.75538,1.00,1.00
2015.04.16 21:19:45.169,7.74162,7.75537,1.00,1.00
2015.04.16 21:20:01.802,7.74182,7.75537,1.00,1.00
2015.04.16 21:20:06.912,7.74173,7.75537,1.00,1.00
2015.04.16 21:20:08.314,7.74183,7.75537,1.00,1.00
2015.04.16 21:20:12.837,7.74253,7.75537,1.00,1.00
2015.04.16 21:20:13.467,7.74282,7.75537,1.00,1.00
2015.04.16 21:20:15.474,7.74303,7.75537,1.00,1.00
2015.04.16 21:20:16.049,7.74303,7.75538,1.00,1.00
2015.04.16 21:20:16.969,7.74302,7.75538,1.00,1.00
2015.04.16 21:20:17.428,7.74312,7.75538,1.00,1.00
2015.04.16 21:20:17.756,7.74312,7.7527,1.00,1.00
2015.04.16 21:20:18.284,7.74313,7.7527,1.00,1.00
2015.04.16 21:20:21.752,7.74312,7.7527,1.00,1.00
2015.04.16 21:20:22.520,7.74312,7.75709,1.00,1.30
2015.04.16 21:20:23.555,7.74342,7.75709,1.00,1.30
2015.04.16 21:20:32.980,7.74332,7.75709,1.00,1.30
2015.04.16 21:20:36.131,7.74332,7.75729,1.00,1.30
2015.04.16 21:20:36.182,7.74332,7.75733,1.00,1.00
2015.04.16 21:20:37.091,7.74282,7.75733,1.00,1.00
2015.04.16 21:20:40.102,7.74283,7.75733,1.00,1.00
2015.04.16 21:20:40.528,7.74222,7.75733,1.00,1.00
2015.04.16 21:20:40.629,7.74202,7.75733,1.00,1.00
2015.04.16 21:20:46.025,7.74212,7.75733,1.00,1.00
2015.04.16 21:20:52.646,7.74302,7.75733,1.00,1.00
2015.04.16 21:20:56.462,7.74342,7.75733,1.00,1.00
2015.04.16 21:20:57.967,7.74372,7.75733,1.00,1.00
2015.04.16 21:20:58.469,7.74373,7.75733,1.00,1.00
2015.04.16 21:21:00.149,7.74363,7.75733,1.00,1.00
2015.04.16 21:21:02.283,7.74432,7.75733,1.00,1.00
2015.04.16 21:21:02.601,7.74483,7.75733,1.00,1.00
2015.04.16 21:21:02.973,7.74532,7.75733,1.00,1.00
2015.04.16 21:21:05.362,7.74492,7.75733,1.00,1.00
2015.04.16 21:21:06.213,7.74602,7.75733,1.00,1.00
2015.04.16 21:21:07.314,7.74592,7.75733,1.00,1.00
2015.04.16 21:21:08.326,7.74592,7.75715,1.00,1.00
2015.04.16 21:21:09.870,7.74572,7.75715,1.00,1.00
2015.04.16 21:21:10.772,7.74562,7.75715,1.00,1.00
2015.04.16 21:21:12.425,7.74542,7.75715,1.00,1.00
2015.04.16 21:21:14.005,7.74552,7.75715,1.00,1.00
2015.04.16 21:21:14.681,7.74553,7.75715,1.00,1.00
2015.04.16 21:21:14.989,7.74563,7.75715,1.00,1.00
2015.04.16 21:21:15.724,7.74562,7.75715,1.00,1.00
2015.04.16 21:21:16.092,7.74552,7.75715,1.00,1.00
2015.04.16 21:21:19.398,7.74563,7.75715,1.00,1.00
2015.04.16 21:21:20.543,7.74562,7.75715,1.00,1.00
2015.04.16 21:21:22.632,7.74552,7.75715,1.00,1.00
2015.04.16 21:21:24.306,7.74542,7.75715,1.00,1.00
2015.04.16 21:21:24.583,7.74542,7.75736,1.00,1.00
2015.04.16 21:21:24.634,7.74562,7.75736,1.00,1.00
2015.04.16 21:21:25.307,7.74572,7.75736,1.00,1.00
2015.04.16 21:21:26.108,7.74583,7.75736,1.00,1.00
2015.04.16 21:21:27.310,7.74592,7.75736,1.00,1.00
2015.04.16 21:21:31.817,7.74603,7.75736,1.00,1.00
2015.04.16 21:21:37.976,7.74572,7.75736,1.00,1.00
2015.04.16 21:21:38.027,7.74502,7.75736,1.00,1.00
2015.04.16 21:21:38.878,7.74532,7.75736,1.00,1.00
2015.04.16 21:21:40.115,7.74542,7.75736,1.00,1.00
2015.04.16 21:21:41.834,7.74552,7.75736,1.00,1.00
2015.04.16 21:21:42.186,7.74492,7.75736,1.00,1.00
2015.04.16 21:21:42.336,7.74487,7.75736,1.30,1.00
2015.04.16 21:21:42.488,7.74487,7.75752,1.30,1.00
2015.04.16 21:21:42.596,7.74487,7.75803,1.30,1.00
2015.04.16 21:21:45.592,7.74262,7.75691,1.00,1.00
2015.04.16 21:21:47.848,7.74332,7.75691,1.00,1.00
2015.04.16 21:21:48.001,7.74362,7.75802,1.00,1.00
2015.04.16 21:21:48.052,7.74372,7.75802,1.00,1.00
2015.04.16 21:21:49.102,7.74422,7.75802,1.00,1.00
2015.04.16 21:21:49.725,7.74422,7.7572,1.00,1.00
2015.04.16 21:21:50.061,7.74452,7.7572,1.00,1.00
2015.04.16 21:21:51.066,7.74472,7.7572,1.00,1.00
2015.04.16 21:21:52.112,7.74482,7.7572,1.00,1.00
2015.04.16 21:21:54.073,7.74492,7.7572,1.00,1.00
2015.04.16 21:21:57.082,7.74482,7.7572,1.00,1.00
2015.04.16 21:22:01.331,7.74492,7.7572,1.00,1.00
2015.04.16 21:22:01.772,7.74503,7.7572,1.00,1.00
2015.04.16 21:22:02.512,7.74512,7.7572,1.00,1.00
2015.04.16 21:22:03.524,7.74523,7.7572,1.00,1.00
2015.04.16 21:22:06.762,7.74533,7.7572,1.00,1.00
2015.04.16 21:22:13.280,7.74552,7.75756,1.00,1.00
2015.04.16 21:22:13.381,7.74493,7.75756,1.00,1.00
2015.04.16 21:22:14.335,7.74502,7.75756,1.00,1.00
2015.04.16 21:22:15.372,7.74532,7.75756,1.00,1.00
2015.04.16 21:22:15.643,7.74522,7.75756,1.00,1.00
2015.04.16 21:22:17.652,7.74532,7.75756,1.00,1.00
2015.04.16 21:22:19.459,7.74426,7.75756,1.30,1.00
2015.04.16 21:22:19.566,7.74426,7.75779,1.30,1.00
2015.04.16 21:22:22.097,7.74426,7.75733,1.30,1.00
2015.04.16 21:22:25.079,7.74432,7.75733,1.00,1.00
2015.04.16 21:22:26.686,7.74443,7.75733,1.00,1.00
2015.04.16 21:22:27.623,7.74442,7.75733,1.00,1.00
2015.04.16 21:22:28.252,7.74452,7.75733,1.00,1.00
2015.04.16 21:22:29.239,7.74493,7.75733,1.00,1.00
2015.04.16 21:22:29.341,7.74493,7.75773,1.00,1.00
2015.04.16 21:22:30.294,7.74532,7.75773,1.00,1.00
2015.04.16 21:22:31.573,7.74552,7.75691,1.00,1.00
2015.04.16 21:22:32.599,7.74562,7.75691,1.00,1.00
2015.04.16 21:22:33.600,7.74572,7.75691,1.00,1.00
2015.04.16 21:22:34.024,7.74482,7.75691,1.00,1.00
2015.04.16 21:22:34.127,7.74472,7.75691,1.00,1.00
2015.04.16 21:22:34.248,7.74472,7.75766,1.00,1.00
2015.04.16 21:22:34.703,7.74512,7.75766,1.00,1.00
2015.04.16 21:22:35.005,7.74522,7.75722,1.00,1.00
2015.04.16 21:22:35.806,7.74563,7.75722,1.00,1.00
2015.04.16 21:22:36.222,7.74503,7.75722,1.00,1.00
2015.04.16 21:22:36.374,7.74503,7.75738,1.00,1.00
2015.04.16 21:22:39.954,7.74492,7.75738,1.00,1.00
2015.04.16 21:22:43.941,7.74513,7.75738,1.00,1.00
2015.04.16 21:22:44.766,7.74513,7.7569,1.00,1.00
2015.04.16 21:22:45.878,7.74533,7.7569,1.00,1.00
2015.04.16 21:22:47.771,7.74542,7.7569,1.00,1.00
2015.04.16 21:22:48.473,7.74552,7.7569,1.00,1.00
2015.04.16 21:22:49.458,7.74572,7.7569,1.00,1.00
2015.04.16 21:22:49.811,7.74582,7.7569,1.00,1.00
2015.04.16 21:22:50.531,7.74592,7.7569,1.00,1.00
2015.04.16 21:22:51.533,7.74602,7.7569,1.00,1.00
2015.04.16 21:22:52.535,7.74572,7.7569,1.00,1.00
2015.04.16 21:23:10.474,7.74503,7.7569,1.00,1.00
2015.04.16 21:23:10.576,7.74503,7.75732,1.00,1.00
2015.04.16 21:23:11.565,7.74492,7.75732,1.00,1.00
2015.04.16 21:23:12.295,7.74484,7.75732,1.30,1.00
2015.04.16 21:23:12.403,7.74484,7.75775,1.30,1.00
2015.04.16 21:23:13.928,7.74272,7.75775,1.00,1.00
2015.04.16 21:23:16.311,7.74292,7.75775,1.00,1.00
2015.04.16 21:23:16.640,7.74292,7.75691,1.00,1.00
2015.04.16 21:23:16.981,7.74302,7.75691,1.00,1.00
2015.04.16 21:23:17.678,7.74342,7.75691,1.00,1.00
2015.04.16 21:23:18.014,7.74323,7.75691,1.00,1.00
2015.04.16 21:23:19.439,7.74363,7.75691,1.00,1.00
2015.04.16 21:23:20.283,7.74362,7.75691,1.00,1.00
2015.04.16 21:23:21.312,7.74372,7.75691,1.00,1.00
2015.04.16 21:23:21.786,7.74342,7.75691,1.00,1.00
2015.04.16 21:23:22.625,7.74312,7.75691,1.00,1.00
2015.04.16 21:23:23.296,7.74302,7.75691,1.00,1.00
2015.04.16 21:23:24.492,7.74313,7.75691,1.00,1.00
2015.04.16 21:23:25.493,7.74302,7.75691,1.00,1.00
2015.04.16 21:23:30.214,7.74303,7.75691,1.00,1.00
2015.04.16 21:23:31.102,7.74302,7.75691,1.00,1.00
2015.04.16 21:23:32.806,7.74332,7.75691,1.00,1.00
2015.04.16 21:23:41.318,7.74302,7.75691,1.00,1.00
2015.04.16 21:23:41.719,7.74312,7.75691,1.00,1.00
2015.04.16 21:23:43.723,7.74322,7.75691,1.00,1.00
2015.04.16 21:23:44.043,7.74332,7.75691,1.00,1.00
2015.04.16 21:23:48.275,7.74362,7.75691,1.00,1.00
2015.04.16 21:23:48.884,7.74372,7.75736,1.00,1.00
2015.04.16 21:23:49.377,7.74392,7.75736,1.00,1.00
2015.04.16 21:23:51.419,7.74402,7.75736,1.00,1.00
2015.04.16 21:23:51.731,7.74422,7.75736,1.00,1.00
2015.04.16 21:23:55.189,7.74442,7.75736,1.00,1.00
2015.04.16 21:23:55.343,7.74432,7.75736,1.00,1.00
2015.04.16 21:23:56.290,7.74453,7.75736,1.00,1.00
2015.04.16 21:23:56.834,7.74462,7.75691,1.00,1.00
2015.04.16 21:23:57.392,7.74472,7.75691,1.00,1.00
2015.04.16 21:23:57.951,7.74473,7.75691,1.00,1.00
2015.04.16 21:23:58.560,7.74472,7.75691,1.00,1.00
2015.04.16 21:23:59.139,7.74482,7.75691,1.00,1.00
2015.04.16 21:24:00.353,7.74483,7.75691,1.00,1.00
2015.04.16 21:24:00.754,7.74492,7.75691,1.00,1.00
2015.04.16 21:24:07.563,7.74402,7.75691,1.00,1.00
2015.04.16 21:24:07.731,7.74402,7.75744,1.00,1.00
2015.04.16 21:24:08.272,7.74412,7.75744,1.00,1.00
2015.04.16 21:24:14.275,7.74392,7.75744,1.00,1.00
2015.04.16 21:24:15.276,7.74402,7.75744,1.00,1.00
2015.04.16 21:24:19.382,7.74412,7.75744,1.00,1.00
2015.04.16 21:24:21.885,7.74413,7.75744,1.00,1.00
2015.04.16 21:24:25.692,7.74393,7.75744,1.00,1.00
2015.04.16 21:24:26.694,7.74392,7.75744,1.00,1.00
2015.04.16 21:24:27.310,7.74322,7.75744,1.00,1.00
2015.04.16 21:24:28.297,7.74323,7.75744,1.00,1.00
2015.04.16 21:24:29.238,7.74332,7.75744,1.00,1.00
2015.04.16 21:24:30.801,7.74372,7.75744,1.00,1.00
2015.04.16 21:24:31.720,7.74382,7.75744,1.00,1.00
2015.04.16 21:24:35.929,7.74392,7.75744,1.00,1.00
2015.04.16 21:24:39.415,7.74393,7.75744,1.00,1.00
2015.04.16 21:24:45.825,7.74412,7.75744,1.00,1.00
2015.04.16 21:24:51.760,7.74372,7.75744,1.00,1.00
2015.04.16 21:24:58.360,7.74363,7.75744,1.00,1.00
2015.04.16 21:25:07.774,7.74363,7.75843,1.00,1.30
2015.04.16 21:25:10.509,7.74372,7.75843,1.00,1.30
2015.04.16 21:25:12.763,7.74382,7.75843,1.00,1.30
2015.04.16 21:25:16.378,7.74382,7.75838,1.00,1.30
2015.04.16 21:25:17.749,7.74392,7.75838,1.00,1.30
2015.04.16 21:25:20.922,7.74382,7.75838,1.00,1.30
2015.04.16 21:25:36.413,7.74382,7.75849,1.00,1.30
2015.04.16 21:25:57.447,7.74382,7.75834,1.00,1.30
2015.04.16 21:26:04.727,7.74383,7.75834,1.00,1.30
2015.04.16 21:26:05.659,7.74382,7.75834,1.00,1.30
2015.04.16 21:26:18.383,7.74382,7.75827,1.00,1.30
2015.04.16 21:26:20.458,7.74383,7.75827,1.00,1.30
2015.04.16 21:26:20.804,7.74383,7.75691,1.00,1.00
2015.04.16 21:26:23.776,7.74452,7.75782,1.00,1.00
2015.04.16 21:26:25.981,7.74452,7.7569,1.00,1.00
2015.04.16 21:26:28.575,7.74492,7.7569,1.00,1.00
2015.04.16 21:26:42.029,7.74462,7.7569,1.00,1.00
2015.04.16 21:26:42.090,7.74442,7.7569,1.00,1.00
2015.04.16 21:26:44.035,7.74452,7.7569,1.00,1.00
2015.04.16 21:27:26.347,7.74452,7.75958,1.00,1.20
2015.04.16 21:27:27.597,7.74452,7.75957,1.00,1.20
2015.04.16 21:27:33.708,7.74452,7.75958,1.00,1.20
2015.04.16 21:27:39.437,7.74452,7.75947,1.00,1.30
2015.04.16 21:27:51.064,7.74499,7.75744,1.30,1.30
2015.04.16 21:28:11.462,7.7452,7.75763,1.30,1.30
2015.04.16 21:28:32.503,7.745,7.75745,1.30,1.30
2015.04.16 21:28:52.387,7.74509,7.75754,1.30,1.30
2015.04.16 21:29:09.330,7.74512,7.75754,1.00,1.30
2015.04.16 21:29:09.882,7.74512,7.75735,1.00,1.00
2015.04.16 21:29:09.940,7.74509,7.75735,1.30,1.00
2015.04.16 21:29:12.411,7.74489,7.75713,1.30,1.30
2015.04.16 21:29:12.462,7.74468,7.75713,1.30,1.30
2015.04.16 21:29:29.470,7.74522,7.75713,1.00,1.30
2015.04.16 21:29:30.039,7.74468,7.75713,1.30,1.30
2015.04.16 21:29:32.870,7.74486,7.75713,1.30,1.30
2015.04.16 21:29:33.466,7.74522,7.75729,1.00,1.00
2015.04.16 21:29:33.542,7.74506,7.75729,1.30,1.00
2015.04.16 21:29:35.021,7.74506,7.7572,1.30,1.00
2015.04.16 21:29:41.540,7.74506,7.75748,1.30,1.00
2015.04.16 21:29:52.970,7.74486,7.75726,1.30,1.30
2015.04.16 21:29:53.021,7.74482,7.75726,1.30,1.30
2015.04.16 21:30:01.019,7.74482,7.75691,1.30,1.00
2015.04.16 21:30:13.395,7.74626,7.75691,1.30,1.00
2015.04.16 21:30:33.419,7.74657,7.75691,1.30,1.00
2015.04.16 21:30:53.450,7.74666,7.75691,1.30,1.00
2015.04.16 21:31:06.714,7.74666,7.7573,1.30,1.00
2015.04.16 21:31:06.765,7.74646,7.75725,1.30,1.30
2015.04.16 21:31:06.816,7.74481,7.75725,1.30,1.30
2015.04.16 21:31:27.404,7.74472,7.75699,1.00,1.30
2015.04.16 21:31:40.821,7.74455,7.75699,1.30,1.30
2015.04.16 21:31:46.230,7.74462,7.75699,1.00,1.30
2015.04.16 21:31:47.444,7.74462,7.75696,1.00,1.30
2015.04.16 21:32:03.654,7.74463,7.75696,1.00,1.30
2015.04.16 21:32:08.433,7.74479,7.75716,1.30,1.30
2015.04.16 21:32:08.484,7.74479,7.75724,1.30,1.30
2015.04.16 21:32:29.361,7.74468,7.75713,1.30,1.30
2015.04.16 21:32:37.725,7.74482,7.75713,1.00,1.30
2015.04.16 21:33:11.410,7.74555,7.75732,1.30,1.30
2015.04.16 21:33:11.461,7.74555,7.75798,1.30,1.30
2015.04.16 21:33:32.440,7.74584,7.75818,1.30,1.30
2015.04.16 21:33:32.490,7.74584,7.75828,1.30,1.30
2015.04.16 21:33:52.462,7.74599,7.75844,1.30,1.30
2015.04.16 21:34:12.789,7.74724,7.75864,1.30,1.30
2015.04.16 21:34:12.840,7.74724,7.75958,1.30,1.20
2015.04.16 21:34:20.058,7.74724,7.75716,1.30,1.00
2015.04.16 21:34:53.349,7.74793,7.75716,1.30,1.00
2015.04.16 21:35:03.728,7.74793,7.75691,1.30,1.00
2015.04.16 21:35:13.688,7.74789,7.75691,1.30,1.00
2015.04.16 21:35:31.057,7.74789,7.75788,1.30,1.00
2015.04.16 21:35:31.259,7.74789,7.7569,1.30,1.00
2015.04.16 21:35:34.861,7.74843,7.7569,1.30,1.00
2015.04.16 21:35:54.458,7.74843,7.75767,1.30,1.00
2015.04.16 21:35:54.509,7.74795,7.75767,1.30,1.00
2015.04.16 21:35:56.417,7.74795,7.7569,1.30,1.00
2015.04.16 21:36:15.387,7.74853,7.7569,1.30,1.00
2015.04.16 21:36:35.412,7.74832,7.7569,1.30,1.00
2015.04.16 21:36:35.463,7.74802,7.7569,1.30,1.00
2015.04.16 21:36:44.123,7.74783,7.7569,1.30,1.00
2015.04.16 21:36:44.321,7.74619,7.7569,1.30,1.00
2015.04.16 21:36:56.825,7.74619,7.75864,1.30,1.30
2015.04.16 21:37:04.627,7.74642,7.75886,1.30,1.30
2015.04.16 21:37:25.917,7.74707,7.75886,1.30,1.30
2015.04.16 21:37:25.968,7.74727,7.75958,1.30,1.20
2015.04.16 21:37:42.379,7.74727,7.75691,1.30,1.00
2015.04.16 21:37:46.430,7.74761,7.75691,1.30,1.00
2015.04.16 21:38:06.427,7.74766,7.75691,1.30,1.00
2015.04.16 21:38:26.968,7.74732,7.75691,1.30,1.00
2015.04.16 21:38:42.666,7.74732,7.75958,1.30,1.20
2015.04.16 21:38:47.400,7.74728,7.75958,1.30,1.20
2015.04.16 21:39:00.606,7.74728,7.75957,1.30,1.20
2015.04.16 21:39:01.464,7.74728,7.75958,1.30,1.20
2015.04.16 21:39:02.611,7.74728,7.75957,1.30,1.20
2015.04.16 21:39:03.258,7.74728,7.75958,1.30,1.20
2015.04.16 21:39:07.736,7.74727,7.75958,1.30,1.20
2015.04.16 21:39:27.352,7.74729,7.75958,1.30,1.20
2015.04.16 21:39:47.675,7.74796,7.75958,1.30,1.20
2015.04.16 21:40:08.438,7.74786,7.75958,1.30,1.20
2015.04.16 21:40:29.224,7.74796,7.75958,1.30,1.20
2015.04.16 21:40:41.691,7.74796,7.75957,1.30,1.20
2015.04.16 21:40:49.825,7.74788,7.75957,1.30,1.20
2015.04.16 21:41:09.280,7.74883,7.75957,1.30,1.20
2015.04.16 21:41:09.839,7.74883,7.75958,1.30,1.20
2015.04.16 21:41:10.744,7.74883,7.75957,1.30,1.20
2015.04.16 21:41:18.787,7.74883,7.75958,1.30,1.20
2015.04.16 21:41:29.406,7.74863,7.75958,1.30,1.20
2015.04.16 21:41:29.457,7.74842,7.75958,1.30,1.20
2015.04.16 21:41:50.332,7.74821,7.75958,1.30,1.20
2015.04.16 21:41:50.383,7.74792,7.75958,1.30,1.20
2015.04.16 21:42:02.210,7.74792,7.75722,1.30,1.00
2015.04.16 21:42:10.355,7.74778,7.75722,1.30,1.00
2015.04.16 21:42:31.382,7.74763,7.75722,1.30,1.00
2015.04.16 21:42:39.832,7.74542,7.75477,1.00,1.49
2015.04.16 21:42:40.034,7.7439,7.75429,1.31,1.19
2015.04.16 21:42:40.085,7.74302,7.75429,1.56,1.19
2015.04.16 21:42:41.120,7.74322,7.75462,1.37,1.19
2015.04.16 21:42:41.963,7.74382,7.75395,1.00,1.19
2015.04.16 21:42:42.283,7.74412,7.75358,1.00,1.19
2015.04.16 21:42:43.128,7.74412,7.7533,1.00,1.19
2015.04.16 21:42:43.179,7.74433,7.75257,1.00,1.00
2015.04.16 21:42:44.156,7.74442,7.75198,1.00,1.00
2015.04.16 21:42:45.158,7.74452,7.75168,1.00,1.00
2015.04.16 21:42:46.183,7.74452,7.75148,1.00,1.00
2015.04.16 21:42:47.162,7.74462,7.75138,1.00,1.00
2015.04.16 21:42:48.157,7.74462,7.75128,1.00,1.00
2015.04.16 21:42:51.183,7.74462,7.75118,1.00,1.00
2015.04.16 21:42:55.470,7.74392,7.75088,1.00,1.00
2015.04.16 21:42:55.571,7.74392,7.75078,1.00,1.00
2015.04.16 21:42:56.572,7.74392,7.75058,1.00,1.00
2015.04.16 21:42:57.623,7.74393,7.75047,1.00,1.00
2015.04.16 21:42:58.703,7.74392,7.75038,1.00,1.00
2015.04.16 21:42:59.678,7.74392,7.75028,1.00,1.00
2015.04.16 21:43:36.273,7.74522,7.75059,1.00,1.00
2015.04.16 21:43:36.860,7.74533,7.75059,1.00,1.00
2015.04.16 21:43:36.963,7.74533,7.75099,1.00,1.00
2015.04.16 21:43:45.362,7.74542,7.75099,1.00,1.00
2015.04.16 21:44:23.604,7.74542,7.75104,1.00,1.00
2015.04.16 21:44:32.763,7.74517,7.75104,1.30,1.00
2015.04.16 21:44:32.865,7.74532,7.75104,1.00,1.00
2015.04.16 21:44:36.674,7.74512,7.75104,1.00,1.00
2015.04.16 21:44:37.026,7.74512,7.75249,1.00,1.00
2015.04.16 21:44:38.962,7.74513,7.75211,1.00,0.75
2015.04.16 21:45:17.495,7.74517,7.75211,1.30,0.75
2015.04.16 21:45:37.724,7.7456,7.75211,1.30,0.75
2015.04.16 21:45:39.041,7.7456,7.75518,1.30,1.00
2015.04.16 21:45:58.410,7.7457,7.75518,1.30,1.00
2015.04.16 21:46:24.968,7.7457,7.755,1.30,1.00
2015.04.16 21:46:39.422,7.74575,7.755,1.30,1.00
2015.04.16 21:46:42.700,7.74575,7.75499,1.30,1.00
2015.04.16 21:46:46.867,7.74575,7.755,1.30,1.00
2015.04.16 21:46:50.405,7.74575,7.75544,1.30,1.00
2015.04.16 21:46:50.455,7.74575,7.75256,1.30,1.00
2015.04.16 21:47:00.485,7.74579,7.75256,1.30,1.00
2015.04.16 21:47:21.403,7.74563,7.75256,1.00,1.00
2015.04.16 21:47:50.518,7.74563,7.75528,1.00,1.00
2015.04.16 21:47:56.204,7.74552,7.75529,1.00,1.00
2015.04.16 21:48:16.232,7.74612,7.75581,1.00,1.00
2015.04.16 21:49:05.406,7.74602,7.75581,1.00,1.00
2015.04.16 21:49:34.829,7.74582,7.75581,1.00,1.00
2015.04.16 21:51:09.319,7.74573,7.7558,1.30,1.00
2015.04.16 21:51:10.492,7.74573,7.75581,1.30,1.00
2015.04.16 21:51:17.101,7.74573,7.75815,1.30,1.30
2015.04.16 21:51:17.859,7.74573,7.75758,1.30,1.00
2015.04.16 21:51:19.537,7.74573,7.75691,1.30,1.00
2015.04.16 21:51:27.490,7.74496,7.75691,1.30,1.00
2015.04.16 21:51:48.584,7.74499,7.75691,1.30,1.00
2015.04.16 21:51:50.008,7.74532,7.75691,1.00,1.00
2015.04.16 21:51:50.159,7.74522,7.75691,1.00,1.00
2015.04.16 21:51:51.466,7.74499,7.75691,1.30,1.00
2015.04.16 21:52:05.588,7.74532,7.75691,1.00,1.00
2015.04.16 21:52:19.616,7.74532,7.75772,1.00,1.30
2015.04.16 21:52:28.571,7.74544,7.75789,1.30,1.30
2015.04.16 21:52:49.168,7.74554,7.75799,1.30,1.30
2015.04.16 21:53:09.475,7.74549,7.75793,1.30,1.30
2015.04.16 21:53:29.924,7.74527,7.75769,1.30,1.30
2015.04.16 21:53:40.012,7.74542,7.75769,1.00,1.30
2015.04.16 21:53:50.482,7.74542,7.75752,1.00,1.30
2015.04.16 21:54:06.264,7.74522,7.75752,1.00,1.30
2015.04.16 21:54:11.937,7.74522,7.75762,1.00,1.30
2015.04.16 21:54:26.116,7.74517,7.75762,1.30,1.30
2015.04.16 21:54:26.217,7.74522,7.75762,1.00,1.30
2015.04.16 21:54:31.234,7.74522,7.75763,1.00,1.30
2015.04.16 21:54:51.412,7.74522,7.75761,1.00,1.30
2015.04.16 21:55:11.437,7.74527,7.75771,1.30,1.30
2015.04.16 21:55:31.603,7.74533,7.75778,1.30,1.30
2015.04.16 21:55:52.391,7.74527,7.75772,1.30,1.30
2015.04.16 21:56:13.006,7.74531,7.75776,1.30,1.30
2015.04.16 21:56:28.869,7.74542,7.75776,1.00,1.30
2015.04.16 21:56:29.211,7.74573,7.75776,1.00,1.30
2015.04.16 21:56:31.543,7.74593,7.75776,1.00,1.30
2015.04.16 21:56:32.775,7.74609,7.75796,1.30,1.30
2015.04.16 21:56:32.826,7.74609,7.75854,1.30,1.30
2015.04.16 21:56:35.597,7.74609,7.75716,1.30,1.00
2015.04.16 21:56:37.254,7.74622,7.75716,1.00,1.00
2015.04.16 21:56:48.104,7.74609,7.75716,1.30,1.00
2015.04.16 21:56:53.073,7.74589,7.75716,1.30,1.00
2015.04.16 21:56:53.124,7.74559,7.75716,1.30,1.00
2015.04.16 21:57:18.630,7.74582,7.75716,1.94,1.00
2015.04.16 21:57:18.731,7.74743,7.75867,1.30,1.00
2015.04.16 21:57:20.475,7.74752,7.75748,1.00,1.00
2015.04.16 21:57:20.895,7.74832,7.75748,1.00,1.00
2015.04.16 21:57:21.576,7.74832,7.75691,1.00,1.00
2015.04.16 21:57:21.897,7.74882,7.75691,1.00,1.00
2015.04.16 21:57:22.898,7.74902,7.75691,1.00,1.00
2015.04.16 21:57:23.570,7.74902,7.75669,1.00,1.00
2015.04.16 21:57:23.900,7.74923,7.75669,1.00,1.00
2015.04.16 21:57:24.902,7.74932,7.75669,1.00,1.00
2015.04.16 21:57:26.904,7.74942,7.75669,1.00,1.00
2015.04.16 21:57:30.603,7.74864,7.75608,1.00,1.00
2015.04.16 21:57:40.126,7.74864,7.75597,1.00,1.00
2015.04.16 21:57:47.836,7.74864,7.75608,1.00,1.50
2015.04.16 21:57:58.426,7.74842,7.75608,1.00,1.00
2015.04.16 21:58:20.482,7.74832,7.75598,1.00,1.00
2015.04.16 21:58:39.809,7.74822,7.75588,1.00,1.00
2015.04.16 21:58:46.217,7.74833,7.75587,1.00,1.00
2015.04.16 21:58:48.830,7.74833,7.75597,1.00,1.00
2015.04.16 21:58:49.223,7.74833,7.75587,1.00,1.00
2015.04.16 21:59:13.558,7.74842,7.75598,0.75,0.75
2015.04.16 21:59:13.759,7.74842,7.75608,0.75,0.75
2015.04.16 21:59:14.381,7.74819,7.75517,0.75,0.75
2015.04.16 21:59:14.549,7.74588,7.75518,0.75,0.75
2015.04.16 21:59:14.852,7.74406,7.75518,0.97,0.75
2015.04.16 21:59:16.766,7.74406,7.75528,0.97,0.75
2015.04.16 21:59:17.808,7.74406,7.75515,0.97,0.75
2015.04.16 21:59:19.818,7.74406,7.75451,0.97,0.75
2015.04.16 21:59:35.399,7.74372,7.75451,0.75,0.75
