2017.04.20 13:00:00.149,8.57674,8.57789,1.00,1.00
2017.04.20 13:00:00.669,8.57674,8.57784,1.00,1.00
2017.04.20 13:00:01.306,8.57657,8.57769,1.00,1.00
2017.04.20 13:00:01.357,8.57657,8.57755,1.00,1.00
2017.04.20 13:00:02.502,8.57657,8.57773,1.00,1.00
2017.04.20 13:00:02.554,8.57657,8.57781,1.00,1.00
2017.04.20 13:00:02.605,8.57657,8.5779,1.00,1.00
2017.04.20 13:00:03.050,8.57681,8.57791,1.00,1.00
2017.04.20 13:00:03.606,8.57681,8.5779,1.00,1.00
2017.04.20 13:00:04.647,8.57681,8.57788,1.00,1.00
2017.04.20 13:00:05.109,8.57681,8.57794,1.00,1.00
2017.04.20 13:00:07.045,8.57681,8.57798,1.00,1.00
2017.04.20 13:00:07.323,8.57681,8.57809,1.00,1.00
2017.04.20 13:00:07.374,8.57681,8.57814,1.00,1.50
2017.04.20 13:00:07.425,8.57696,8.57814,1.00,1.00
2017.04.20 13:00:07.526,8.57696,8.57829,1.00,1.50
2017.04.20 13:00:07.629,8.57712,8.57844,1.00,1.00
2017.04.20 13:00:08.090,8.57736,8.57862,1.00,1.00
2017.04.20 13:00:08.396,8.57736,8.57851,1.00,1.00
2017.04.20 13:00:08.548,8.57736,8.57862,1.00,1.00
2017.04.20 13:00:08.650,8.57753,8.57862,1.00,1.00
2017.04.20 13:00:09.349,8.57753,8.57866,1.00,1.00
2017.04.20 13:00:11.331,8.57753,8.57855,1.00,1.00
2017.04.20 13:00:11.382,8.57753,8.57861,1.00,1.00
2017.04.20 13:00:12.059,8.57753,8.5788,1.00,1.00
2017.04.20 13:00:12.110,8.57782,8.5788,1.00,1.00
2017.04.20 13:00:12.161,8.57783,8.57906,1.00,1.00
2017.04.20 13:00:12.313,8.57782,8.57901,1.00,1.00
2017.04.20 13:00:12.365,8.57774,8.57901,1.00,1.00
2017.04.20 13:00:12.668,8.57778,8.57906,1.00,1.00
2017.04.20 13:00:12.769,8.57812,8.57929,1.00,1.00
2017.04.20 13:00:13.073,8.57902,8.57996,1.00,1.00
2017.04.20 13:00:13.174,8.57897,8.5801,1.00,1.00
2017.04.20 13:00:13.275,8.5788,8.5801,1.00,1.00
2017.04.20 13:00:13.442,8.5788,8.57979,1.00,1.00
2017.04.20 13:00:13.595,8.57847,8.57963,1.50,1.00
2017.04.20 13:00:13.781,8.57893,8.58008,1.00,1.00
2017.04.20 13:00:14.135,8.57916,8.58006,1.00,1.00
2017.04.20 13:00:14.439,8.57909,8.57997,1.00,1.00
2017.04.20 13:00:14.540,8.57904,8.58014,1.00,1.00
2017.04.20 13:00:14.591,8.57909,8.58037,1.00,1.00
2017.04.20 13:00:14.642,8.5792,8.58042,1.00,1.00
2017.04.20 13:00:14.948,8.57937,8.5806,1.00,1.20
2017.04.20 13:00:15.050,8.57937,8.5806,1.00,1.00
2017.04.20 13:00:15.151,8.57929,8.58047,1.00,1.00
2017.04.20 13:00:15.397,8.57927,8.58047,1.00,1.00
2017.04.20 13:00:15.447,8.57927,8.58032,1.00,1.00
2017.04.20 13:00:16.183,8.57932,8.58032,1.00,1.00
2017.04.20 13:00:17.286,8.57927,8.58032,1.00,1.00
2017.04.20 13:00:18.503,8.57923,8.58032,1.00,1.00
2017.04.20 13:00:19.210,8.57928,8.58032,1.00,1.00
2017.04.20 13:00:20.645,8.57904,8.58032,1.00,1.00
2017.04.20 13:00:20.746,8.57904,8.58028,1.00,1.00
2017.04.20 13:00:21.074,8.57904,8.58008,1.00,1.00
2017.04.20 13:00:21.956,8.57887,8.58008,1.00,1.00
2017.04.20 13:00:22.007,8.57931,8.58008,1.00,1.00
2017.04.20 13:00:22.058,8.57903,8.58008,1.00,1.00
2017.04.20 13:00:22.160,8.57925,8.58034,1.00,1.00
2017.04.20 13:00:22.261,8.57904,8.58034,1.00,1.00
2017.04.20 13:00:22.463,8.57883,8.57993,1.00,1.00
2017.04.20 13:00:22.666,8.57906,8.5803,1.00,1.00
2017.04.20 13:00:22.897,8.57848,8.57954,1.00,1.00
2017.04.20 13:00:23.201,8.57888,8.5796,1.00,1.00
2017.04.20 13:00:23.302,8.57897,8.58009,1.00,1.00
2017.04.20 13:00:23.504,8.57897,8.58023,1.00,2.25
2017.04.20 13:00:23.958,8.57897,8.57993,1.00,1.00
2017.04.20 13:00:24.011,8.57893,8.57993,1.00,1.00
2017.04.20 13:00:24.062,8.57865,8.57986,1.00,1.00
2017.04.20 13:00:24.163,8.57853,8.57971,1.00,1.00
2017.04.20 13:00:24.316,8.57815,8.57941,1.00,1.00
2017.04.20 13:00:24.552,8.57867,8.57979,1.00,1.50
2017.04.20 13:00:24.807,8.57899,8.58018,1.00,1.37
2017.04.20 13:00:24.909,8.57914,8.58032,1.00,1.75
2017.04.20 13:00:25.162,8.57899,8.58021,1.00,1.37
2017.04.20 13:00:25.520,8.57889,8.58016,1.00,1.00
2017.04.20 13:00:25.648,8.57895,8.58021,1.00,1.00
2017.04.20 13:00:26.094,8.57908,8.58028,1.00,1.00
2017.04.20 13:00:26.401,8.57941,8.58041,1.00,1.00
2017.04.20 13:00:26.502,8.57941,8.58056,1.00,1.00
2017.04.20 13:00:26.604,8.57943,8.58074,1.00,1.75
2017.04.20 13:00:26.806,8.57943,8.58074,1.00,1.00
2017.04.20 13:00:26.907,8.57957,8.58075,1.00,1.00
2017.04.20 13:00:27.444,8.57945,8.58075,1.00,1.00
2017.04.20 13:00:27.596,8.57945,8.5806,1.00,1.00
2017.04.20 13:00:27.697,8.57943,8.58069,1.00,1.00
2017.04.20 13:00:27.798,8.57943,8.58067,1.00,1.00
2017.04.20 13:00:27.950,8.57943,8.58074,2.25,1.00
2017.04.20 13:00:28.001,8.57958,8.58074,1.00,1.00
2017.04.20 13:00:28.307,8.57958,8.58074,1.00,1.75
2017.04.20 13:00:28.610,8.57958,8.58056,1.00,1.00
2017.04.20 13:00:28.955,8.57958,8.5806,1.00,1.00
2017.04.20 13:00:29.120,8.57958,8.58082,1.00,1.75
2017.04.20 13:00:29.171,8.5794,8.5803,1.00,1.00
2017.04.20 13:00:29.222,8.57944,8.58072,1.00,1.37
2017.04.20 13:00:29.272,8.57944,8.58048,1.00,1.00
2017.04.20 13:00:29.525,8.57959,8.58084,1.00,1.75
2017.04.20 13:00:29.627,8.57952,8.58063,1.00,1.00
2017.04.20 13:00:30.311,8.57952,8.58074,1.00,1.00
2017.04.20 13:00:30.412,8.57967,8.58074,1.00,1.00
2017.04.20 13:00:30.463,8.57967,8.58079,1.00,1.00
2017.04.20 13:00:30.565,8.57971,8.58079,1.00,1.00
2017.04.20 13:00:30.850,8.57992,8.58117,1.00,1.00
2017.04.20 13:00:30.901,8.58015,8.58117,1.00,1.00
2017.04.20 13:00:31.209,8.58032,8.58132,1.00,1.00
2017.04.20 13:00:32.145,8.58032,8.58134,1.00,1.00
2017.04.20 13:00:32.684,8.58032,8.58153,1.00,1.37
2017.04.20 13:00:32.735,8.58032,8.58138,1.00,1.00
2017.04.20 13:00:32.786,8.58029,8.5814,1.00,1.12
2017.04.20 13:00:32.888,8.58029,8.58113,1.15,1.00
2017.04.20 13:00:32.989,8.58043,8.58161,1.07,1.75
2017.04.20 13:00:33.090,8.58043,8.58174,1.15,1.75
2017.04.20 13:00:33.255,8.58064,8.58175,1.00,1.00
2017.04.20 13:00:33.306,8.58064,8.58192,1.15,1.12
2017.04.20 13:00:33.658,8.58064,8.58192,1.15,1.12
2017.04.20 13:00:34.193,8.58074,8.58192,1.15,1.12
2017.04.20 13:00:34.345,8.58074,8.58192,1.07,1.12
2017.04.20 13:00:34.396,8.58074,8.58192,1.15,1.12
2017.04.20 13:00:34.612,8.58067,8.58176,1.00,1.00
2017.04.20 13:00:34.865,8.58059,8.58146,1.00,1.00
2017.04.20 13:00:34.917,8.58076,8.5817,1.00,1.00
2017.04.20 13:00:35.019,8.58121,8.58195,1.00,1.00
2017.04.20 13:00:35.120,8.58121,8.58213,1.07,1.00
2017.04.20 13:00:35.223,8.58121,8.58244,1.07,1.00
2017.04.20 13:00:35.325,8.58121,8.58244,1.10,1.00
2017.04.20 13:00:35.578,8.58121,8.58244,1.15,1.00
2017.04.20 13:00:35.884,8.58152,8.58261,1.15,1.00
2017.04.20 13:00:35.985,8.58182,8.58291,1.00,1.00
2017.04.20 13:00:36.137,8.58167,8.58291,1.00,1.00
2017.04.20 13:00:36.188,8.58167,8.58261,1.00,1.00
2017.04.20 13:00:36.352,8.58153,8.58261,1.00,1.00
2017.04.20 13:00:36.707,8.58139,8.58261,1.07,1.00
2017.04.20 13:00:37.095,8.58129,8.58245,1.15,1.00
2017.04.20 13:00:37.146,8.58129,8.58255,1.15,1.00
2017.04.20 13:00:37.197,8.58122,8.58235,1.15,1.00
2017.04.20 13:00:37.298,8.58133,8.58251,1.15,1.00
2017.04.20 13:00:37.349,8.58133,8.58251,1.07,1.00
2017.04.20 13:00:37.857,8.58133,8.58251,1.15,1.00
2017.04.20 13:00:38.359,8.58125,8.58251,1.15,1.00
2017.04.20 13:00:38.943,8.5813,8.58251,1.15,1.00
2017.04.20 13:00:39.228,8.5813,8.58251,1.00,1.00
2017.04.20 13:00:39.329,8.58125,8.58251,1.00,1.00
2017.04.20 13:00:39.531,8.58125,8.58251,1.15,1.00
2017.04.20 13:00:40.018,8.58125,8.58251,1.00,1.00
2017.04.20 13:00:40.128,8.58125,8.58251,1.15,1.00
2017.04.20 13:00:40.179,8.58125,8.58251,1.07,1.00
2017.04.20 13:00:40.432,8.58118,8.58242,1.15,1.00
2017.04.20 13:00:40.534,8.58118,8.58235,1.00,1.00
2017.04.20 13:00:40.731,8.58105,8.58228,1.15,1.00
2017.04.20 13:00:41.055,8.58105,8.58228,1.07,1.00
2017.04.20 13:00:41.502,8.58105,8.58228,1.17,1.00
2017.04.20 13:00:41.553,8.58105,8.58228,1.07,1.00
2017.04.20 13:00:41.604,8.58105,8.58228,1.00,1.00
2017.04.20 13:00:41.655,8.58099,8.58228,1.00,1.00
2017.04.20 13:00:42.568,8.58099,8.58228,1.07,1.00
2017.04.20 13:00:42.619,8.58099,8.58228,1.00,1.00
2017.04.20 13:00:42.902,8.58099,8.58228,1.07,1.00
2017.04.20 13:00:43.204,8.58095,8.5822,1.07,1.00
2017.04.20 13:00:43.305,8.58081,8.5821,1.00,1.00
2017.04.20 13:00:43.406,8.5808,8.58202,1.00,1.00
2017.04.20 13:00:44.125,8.5808,8.5821,1.00,1.00
2017.04.20 13:00:44.227,8.58086,8.58195,1.00,1.00
2017.04.20 13:00:44.429,8.58074,8.58195,1.00,1.00
2017.04.20 13:00:45.305,8.58068,8.58195,1.00,1.00
2017.04.20 13:00:45.458,8.58062,8.58191,1.00,1.00
2017.04.20 13:00:46.225,8.58062,8.58184,1.00,1.00
2017.04.20 13:00:47.250,8.58062,8.58186,1.00,1.00
2017.04.20 13:00:48.186,8.58062,8.58156,1.00,1.00
2017.04.20 13:00:48.338,8.58041,8.58156,1.00,1.00
2017.04.20 13:00:49.270,8.58041,8.58159,1.00,1.00
2017.04.20 13:00:49.559,8.58041,8.58153,1.00,1.00
2017.04.20 13:00:49.711,8.58022,8.58153,1.07,1.00
2017.04.20 13:00:51.239,8.58022,8.58153,1.07,1.00
2017.04.20 13:00:51.441,8.58022,8.58154,1.07,1.00
2017.04.20 13:00:51.686,8.58022,8.58154,1.07,1.00
2017.04.20 13:00:51.932,8.58022,8.58154,1.07,1.00
2017.04.20 13:00:51.983,8.58022,8.58154,1.07,1.00
2017.04.20 13:00:52.150,8.58022,8.58154,1.07,1.00
2017.04.20 13:00:52.201,8.58037,8.58155,1.00,1.00
2017.04.20 13:00:53.238,8.58032,8.58155,1.00,1.00
2017.04.20 13:00:53.627,8.58025,8.58155,1.00,1.00
2017.04.20 13:00:53.678,8.58022,8.58126,1.00,1.00
2017.04.20 13:00:53.728,8.58002,8.58126,1.00,1.00
2017.04.20 13:00:53.830,8.57994,8.58118,1.00,1.00
2017.04.20 13:00:54.141,8.57986,8.58086,1.00,1.00
2017.04.20 13:00:54.625,8.57986,8.58109,1.07,1.00
2017.04.20 13:00:55.130,8.57986,8.58118,1.65,1.00
2017.04.20 13:00:55.608,8.57986,8.58118,1.65,1.00
2017.04.20 13:00:55.863,8.57991,8.58118,1.07,1.00
2017.04.20 13:00:56.097,8.5801,8.58118,1.00,1.00
2017.04.20 13:00:56.149,8.58027,8.58144,1.00,1.00
2017.04.20 13:00:56.352,8.58028,8.58159,1.00,1.00
2017.04.20 13:00:57.147,8.58033,8.58159,1.00,1.00
2017.04.20 13:00:57.198,8.58028,8.58155,1.00,1.00
2017.04.20 13:00:57.300,8.58033,8.58159,1.00,1.00
2017.04.20 13:00:57.912,8.58055,8.58159,1.00,1.00
2017.04.20 13:00:58.014,8.58034,8.58159,1.00,1.00
2017.04.20 13:00:58.115,8.58057,8.58159,1.00,1.00
2017.04.20 13:00:58.217,8.58046,8.58159,1.00,1.00
2017.04.20 13:00:58.268,8.58046,8.58175,1.00,1.00
2017.04.20 13:00:58.319,8.58044,8.58173,1.00,1.00
2017.04.20 13:00:59.296,8.58044,8.58175,1.00,1.50
2017.04.20 13:01:00.320,8.58044,8.58171,1.00,1.00
2017.04.20 13:01:01.255,8.58045,8.58175,1.00,1.00
2017.04.20 13:01:01.572,8.58051,8.58175,1.00,1.00
2017.04.20 13:01:02.008,8.58061,8.58175,1.00,1.00
2017.04.20 13:01:02.623,8.58065,8.58175,1.00,1.00
2017.04.20 13:01:03.154,8.58058,8.58175,1.00,1.00
2017.04.20 13:01:03.458,8.58065,8.58175,1.00,1.00
2017.04.20 13:01:05.638,8.58056,8.58175,1.00,1.00
2017.04.20 13:01:05.789,8.58047,8.58175,1.00,1.00
2017.04.20 13:01:06.631,8.58052,8.58175,1.00,1.00
2017.04.20 13:01:08.106,8.58053,8.58175,1.00,1.00
2017.04.20 13:01:08.311,8.58047,8.58175,1.00,1.00
2017.04.20 13:01:08.362,8.58034,8.58161,1.00,1.00
2017.04.20 13:01:08.666,8.58021,8.58137,1.00,1.00
2017.04.20 13:01:10.648,8.58014,8.58137,1.00,1.00
2017.04.20 13:01:12.595,8.58019,8.58137,1.00,1.00
2017.04.20 13:01:12.797,8.58028,8.58152,1.00,1.00
2017.04.20 13:01:13.790,8.58028,8.58157,1.00,1.00
2017.04.20 13:01:14.024,8.58034,8.58161,1.00,1.00
2017.04.20 13:01:14.759,8.58029,8.5816,1.00,1.00
2017.04.20 13:01:15.006,8.58028,8.58154,1.00,1.00
2017.04.20 13:01:16.006,8.58028,8.58153,1.00,1.00
2017.04.20 13:01:16.584,8.58028,8.58154,1.00,1.00
2017.04.20 13:01:17.107,8.58028,8.58149,1.00,1.00
2017.04.20 13:01:17.663,8.58028,8.58156,1.00,1.00
2017.04.20 13:01:20.167,8.58015,8.58145,1.00,1.00
2017.04.20 13:01:20.218,8.58014,8.58138,1.00,1.00
2017.04.20 13:01:20.370,8.58014,8.58142,1.00,1.00
2017.04.20 13:01:20.522,8.58025,8.58145,1.00,1.00
2017.04.20 13:01:21.201,8.58034,8.58163,1.00,1.00
2017.04.20 13:01:21.564,8.58033,8.58157,1.00,1.00
2017.04.20 13:01:22.034,8.58034,8.58163,1.00,1.00
2017.04.20 13:01:22.362,8.58033,8.58157,1.00,1.00
2017.04.20 13:01:22.853,8.58034,8.58163,1.00,1.00
2017.04.20 13:01:23.138,8.58033,8.58156,1.00,1.00
2017.04.20 13:01:23.360,8.58034,8.58163,1.00,1.00
2017.04.20 13:01:23.512,8.58033,8.58156,1.00,1.00
2017.04.20 13:01:23.832,8.58036,8.58163,1.00,1.00
2017.04.20 13:01:24.322,8.58033,8.58158,1.00,1.00
2017.04.20 13:01:24.373,8.58035,8.58163,1.00,1.00
2017.04.20 13:01:24.518,8.58033,8.58157,1.00,1.00
2017.04.20 13:01:25.129,8.58035,8.58163,1.00,1.00
2017.04.20 13:01:25.335,8.58033,8.58158,1.00,1.00
2017.04.20 13:01:25.786,8.58016,8.58129,1.00,1.00
2017.04.20 13:01:25.837,8.58016,8.58145,1.00,1.00
2017.04.20 13:01:25.989,8.58012,8.58132,1.00,1.00
2017.04.20 13:01:26.140,8.58,8.58125,1.00,1.00
2017.04.20 13:01:26.757,8.58001,8.58132,1.00,1.00
2017.04.20 13:01:27.035,8.58,8.58125,1.00,1.00
2017.04.20 13:01:27.266,8.58002,8.58132,1.00,1.00
2017.04.20 13:01:27.332,8.58036,8.58148,1.00,1.00
2017.04.20 13:01:27.433,8.58035,8.58164,1.00,1.00
2017.04.20 13:01:27.585,8.5805,8.58164,1.00,1.00
2017.04.20 13:01:27.757,8.58055,8.58183,1.00,1.00
2017.04.20 13:01:28.366,8.58056,8.58185,1.00,1.00
2017.04.20 13:01:30.360,8.58065,8.58185,1.00,1.00
2017.04.20 13:01:31.094,8.58057,8.58185,1.00,1.00
2017.04.20 13:01:32.055,8.58055,8.58177,1.00,1.00
2017.04.20 13:01:32.935,8.58055,8.58167,1.00,1.00
2017.04.20 13:01:33.188,8.58055,8.58177,1.00,1.00
2017.04.20 13:01:33.897,8.58055,8.58166,1.00,1.00
2017.04.20 13:01:34.007,8.58055,8.58177,1.00,1.00
2017.04.20 13:01:34.568,8.58055,8.58167,1.00,1.00
2017.04.20 13:01:34.661,8.58055,8.58177,1.00,1.00
2017.04.20 13:01:35.229,8.58055,8.58167,1.00,1.00
2017.04.20 13:01:35.533,8.58034,8.5815,1.00,1.00
2017.04.20 13:01:35.635,8.58034,8.58166,1.00,1.00
2017.04.20 13:01:36.241,8.58037,8.58166,1.00,1.00
2017.04.20 13:01:36.622,8.58033,8.58159,1.00,1.00
2017.04.20 13:01:36.672,8.58037,8.58166,1.00,1.00
2017.04.20 13:01:37.394,8.58033,8.5816,1.00,1.00
2017.04.20 13:01:37.696,8.58037,8.58166,1.00,1.00
2017.04.20 13:01:38.144,8.58033,8.58162,1.00,1.00
2017.04.20 13:01:38.502,8.58037,8.58166,1.00,1.00
2017.04.20 13:01:38.834,8.58033,8.5816,1.00,1.00
2017.04.20 13:01:38.952,8.58037,8.58166,1.00,1.00
2017.04.20 13:01:39.403,8.58033,8.5816,1.00,1.00
2017.04.20 13:01:39.606,8.58037,8.58166,1.00,1.00
2017.04.20 13:01:40.623,8.58033,8.5816,1.00,1.00
2017.04.20 13:01:40.802,8.58037,8.58166,1.00,1.00
2017.04.20 13:01:41.140,8.58033,8.5816,1.00,1.00
2017.04.20 13:01:41.626,8.58037,8.58166,1.00,1.00
2017.04.20 13:01:42.231,8.58045,8.58166,1.00,1.00
2017.04.20 13:01:42.674,8.58079,8.58166,1.00,1.00
2017.04.20 13:01:42.725,8.58054,8.58166,1.00,1.00
2017.04.20 13:01:42.776,8.58072,8.58166,1.00,1.00
2017.04.20 13:01:42.877,8.58072,8.58185,1.00,1.00
2017.04.20 13:01:42.928,8.58053,8.58178,1.00,1.00
2017.04.20 13:01:43.937,8.58053,8.58179,1.00,1.00
2017.04.20 13:01:46.346,8.58053,8.58171,1.00,1.00
2017.04.20 13:01:46.670,8.58038,8.58169,1.00,1.00
2017.04.20 13:01:47.438,8.58036,8.58166,1.00,1.00
2017.04.20 13:01:47.777,8.58039,8.58169,1.00,1.00
2017.04.20 13:01:48.282,8.58036,8.58156,1.00,1.00
2017.04.20 13:01:48.383,8.58023,8.58149,1.00,1.00
2017.04.20 13:01:51.480,8.58016,8.58144,1.00,1.00
2017.04.20 13:01:51.647,8.58002,8.58124,1.00,1.00
2017.04.20 13:01:51.950,8.57995,8.58105,1.00,1.00
2017.04.20 13:01:52.259,8.57976,8.58087,1.00,1.00
2017.04.20 13:01:52.360,8.57971,8.58087,1.00,1.00
2017.04.20 13:01:52.461,8.57985,8.58087,1.00,1.00
2017.04.20 13:01:52.752,8.58004,8.58116,1.00,1.00
2017.04.20 13:01:53.519,8.58006,8.58116,1.00,1.00
2017.04.20 13:01:54.532,8.58008,8.58116,1.00,1.00
2017.04.20 13:01:56.354,8.58002,8.58116,1.00,1.00
2017.04.20 13:01:56.456,8.57984,8.58116,1.00,1.50
2017.04.20 13:01:56.557,8.57983,8.58105,1.00,1.00
2017.04.20 13:01:56.898,8.57972,8.58093,1.00,1.00
2017.04.20 13:01:59.195,8.57961,8.5809,1.00,1.00
2017.04.20 13:01:59.297,8.57961,8.5807,1.00,1.00
2017.04.20 13:01:59.398,8.57917,8.58048,1.00,1.00
2017.04.20 13:01:59.500,8.57948,8.58028,1.00,1.00
2017.04.20 13:01:59.703,8.57948,8.58071,1.00,1.00
2017.04.20 13:01:59.855,8.57945,8.58071,1.00,1.00
2017.04.20 13:01:59.956,8.57971,8.58071,1.00,1.00
2017.04.20 13:02:00.109,8.57971,8.58089,1.00,1.00
2017.04.20 13:02:00.853,8.57956,8.58089,1.00,1.00
2017.04.20 13:02:00.954,8.57959,8.58089,1.00,1.00
2017.04.20 13:02:01.285,8.57959,8.58072,1.00,1.00
2017.04.20 13:02:01.603,8.57972,8.58072,1.00,1.00
2017.04.20 13:02:02.712,8.57972,8.58096,1.00,1.00
2017.04.20 13:02:03.058,8.5798,8.58096,1.00,1.00
2017.04.20 13:02:04.238,8.57974,8.58096,1.00,1.00
2017.04.20 13:02:04.441,8.57966,8.58096,1.00,1.00
2017.04.20 13:02:05.034,8.57965,8.58096,1.00,1.00
2017.04.20 13:02:05.347,8.57993,8.58096,1.00,1.00
2017.04.20 13:02:05.448,8.57983,8.58096,1.00,1.00
2017.04.20 13:02:05.510,8.57969,8.58096,1.00,1.00
2017.04.20 13:02:05.896,8.57986,8.58096,1.00,1.00
2017.04.20 13:02:06.285,8.57982,8.58109,1.00,1.00
2017.04.20 13:02:06.336,8.57982,8.58094,1.00,1.00
2017.04.20 13:02:06.412,8.57962,8.5809,1.00,1.00
2017.04.20 13:02:06.874,8.57959,8.58076,1.00,1.00
2017.04.20 13:02:07.564,8.57959,8.58069,1.00,1.00
2017.04.20 13:02:07.926,8.57959,8.58064,1.00,1.00
2017.04.20 13:02:08.523,8.57938,8.58047,1.00,1.00
2017.04.20 13:02:08.574,8.57938,8.5806,1.00,1.00
2017.04.20 13:02:08.625,8.57934,8.58044,1.00,1.00
2017.04.20 13:02:08.789,8.57915,8.58044,1.00,1.00
2017.04.20 13:02:08.941,8.57914,8.58025,1.00,1.00
2017.04.20 13:02:08.992,8.57898,8.58025,1.00,1.00
2017.04.20 13:02:09.244,8.57908,8.58031,1.00,1.00
2017.04.20 13:02:09.547,8.57946,8.58065,1.00,1.00
2017.04.20 13:02:09.699,8.57932,8.58062,1.00,1.00
2017.04.20 13:02:09.912,8.57931,8.5806,1.00,1.00
2017.04.20 13:02:10.240,8.57933,8.58062,1.00,1.00
2017.04.20 13:02:10.950,8.57931,8.58058,1.00,1.00
2017.04.20 13:02:11.244,8.57903,8.58036,1.00,1.00
2017.04.20 13:02:11.295,8.57943,8.58036,1.00,1.00
2017.04.20 13:02:11.498,8.57952,8.58069,1.50,1.00
2017.04.20 13:02:11.549,8.57952,8.58085,1.50,1.00
2017.04.20 13:02:12.036,8.57952,8.58063,1.00,1.00
2017.04.20 13:02:12.377,8.57936,8.58063,1.00,1.00
2017.04.20 13:02:13.007,8.57936,8.58062,1.00,1.00
2017.04.20 13:02:13.810,8.57936,8.58064,1.00,1.00
2017.04.20 13:02:14.033,8.57936,8.58054,1.00,1.00
2017.04.20 13:02:14.381,8.57971,8.58078,1.00,1.00
2017.04.20 13:02:14.685,8.57971,8.58049,1.00,1.00
2017.04.20 13:02:14.837,8.57971,8.58083,1.00,1.00
2017.04.20 13:02:14.888,8.57951,8.58069,1.00,1.00
2017.04.20 13:02:15.141,8.57927,8.58027,1.00,1.00
2017.04.20 13:02:15.343,8.57884,8.58013,1.00,1.00
2017.04.20 13:02:15.545,8.57901,8.57991,1.00,1.00
2017.04.20 13:02:15.748,8.57925,8.58044,1.00,1.00
2017.04.20 13:02:15.849,8.57913,8.5803,1.00,1.00
2017.04.20 13:02:16.325,8.57923,8.58044,1.00,1.00
2017.04.20 13:02:16.427,8.57929,8.58056,1.00,1.00
2017.04.20 13:02:16.528,8.57933,8.58061,1.00,1.00
2017.04.20 13:02:17.768,8.57929,8.58059,1.00,1.00
2017.04.20 13:02:17.820,8.57932,8.58061,1.00,1.00
2017.04.20 13:02:18.123,8.57946,8.58065,1.00,1.00
2017.04.20 13:02:18.807,8.57946,8.58067,1.00,1.00
2017.04.20 13:02:19.571,8.57946,8.58076,1.00,1.00
2017.04.20 13:02:19.823,8.57946,8.58072,1.00,1.00
2017.04.20 13:02:20.955,8.57946,8.58059,1.00,1.00
2017.04.20 13:02:21.057,8.5793,8.58059,1.00,1.00
2017.04.20 13:02:21.158,8.57926,8.58044,1.00,1.00
2017.04.20 13:02:22.819,8.57931,8.58044,1.00,1.00
2017.04.20 13:02:23.514,8.57933,8.58044,1.00,1.00
2017.04.20 13:02:23.973,8.57933,8.58061,1.00,1.00
2017.04.20 13:02:24.076,8.57931,8.58045,1.00,1.00
2017.04.20 13:02:24.380,8.5797,8.58045,1.00,1.00
2017.04.20 13:02:24.482,8.5797,8.58077,1.00,1.00
2017.04.20 13:02:24.533,8.5798,8.58077,1.00,1.00
2017.04.20 13:02:24.584,8.5798,8.58109,1.00,1.75
2017.04.20 13:02:25.059,8.5799,8.58109,1.00,1.00
2017.04.20 13:02:25.270,8.57995,8.58126,1.00,1.00
2017.04.20 13:02:26.106,8.57998,8.58126,1.00,1.00
2017.04.20 13:02:26.665,8.57993,8.58122,1.00,1.00
2017.04.20 13:02:26.766,8.57993,8.58101,1.00,1.00
2017.04.20 13:02:26.817,8.57993,8.58113,1.00,1.00
2017.04.20 13:02:26.868,8.5798,8.58105,1.00,1.00
2017.04.20 13:02:27.070,8.57972,8.58101,1.00,1.00
2017.04.20 13:02:27.121,8.57972,8.58088,1.00,1.00
2017.04.20 13:02:27.273,8.57955,8.58086,1.00,1.00
2017.04.20 13:02:27.431,8.57965,8.58086,1.00,1.00
2017.04.20 13:02:27.769,8.57953,8.58072,1.00,1.00
2017.04.20 13:02:27.947,8.5796,8.58086,1.00,1.00
2017.04.20 13:02:28.058,8.57953,8.58073,1.00,1.00
2017.04.20 13:02:28.311,8.57953,8.58078,1.00,1.00
2017.04.20 13:02:28.362,8.5798,8.58086,1.00,1.00
2017.04.20 13:02:28.514,8.57963,8.58086,1.00,1.00
2017.04.20 13:02:28.564,8.57976,8.58096,1.00,1.00
2017.04.20 13:02:29.516,8.57982,8.58109,1.00,1.00
2017.04.20 13:02:29.787,8.57976,8.58094,1.00,1.00
2017.04.20 13:02:30.264,8.57976,8.58107,1.50,1.00
2017.04.20 13:02:30.315,8.57976,8.58085,1.00,1.00
2017.04.20 13:02:30.366,8.5796,8.58085,1.00,1.00
2017.04.20 13:02:30.467,8.57952,8.58072,1.00,1.00
2017.04.20 13:02:30.569,8.57964,8.58091,1.00,1.00
2017.04.20 13:02:31.289,8.57958,8.5806,1.00,1.00
2017.04.20 13:02:31.593,8.5796,8.5807,1.00,1.00
2017.04.20 13:02:31.644,8.57938,8.58051,1.00,1.00
2017.04.20 13:02:31.746,8.57953,8.5807,1.00,1.00
2017.04.20 13:02:32.492,8.57954,8.58086,1.00,1.00
2017.04.20 13:02:32.625,8.57958,8.58087,1.00,1.00
2017.04.20 13:02:34.535,8.57954,8.58071,1.00,1.00
2017.04.20 13:02:34.788,8.57938,8.58061,1.00,1.00
2017.04.20 13:02:35.524,8.57934,8.58061,1.00,1.00
2017.04.20 13:02:37.836,8.57958,8.58061,1.00,1.00
2017.04.20 13:02:37.887,8.57958,8.58086,1.00,1.00
2017.04.20 13:02:37.988,8.57969,8.58091,1.00,1.00
2017.04.20 13:02:38.292,8.57969,8.581,1.00,1.00
2017.04.20 13:02:38.343,8.57978,8.58102,1.00,1.00
2017.04.20 13:02:38.545,8.57969,8.58096,1.00,1.00
2017.04.20 13:02:38.596,8.57993,8.58096,1.00,1.00
2017.04.20 13:02:39.307,8.57993,8.58115,1.00,1.37
2017.04.20 13:02:39.358,8.57993,8.58115,1.00,1.00
2017.04.20 13:02:39.472,8.57998,8.58125,1.00,1.00
2017.04.20 13:02:39.574,8.57993,8.58113,1.00,1.00
2017.04.20 13:02:39.835,8.57967,8.58098,1.00,1.50
2017.04.20 13:02:40.458,8.57967,8.58089,1.00,1.00
2017.04.20 13:02:40.864,8.57967,8.58082,1.00,1.00
2017.04.20 13:02:41.184,8.57945,8.5806,1.00,1.00
2017.04.20 13:02:41.417,8.57908,8.58037,1.00,1.00
2017.04.20 13:02:42.415,8.5791,8.58039,1.00,1.00
2017.04.20 13:02:43.782,8.57915,8.58039,1.00,1.00
2017.04.20 13:02:43.934,8.5791,8.58039,1.00,1.00
2017.04.20 13:02:44.304,8.57913,8.58039,1.00,1.00
2017.04.20 13:02:44.654,8.57923,8.58039,1.00,1.00
2017.04.20 13:02:45.489,8.57928,8.58039,1.00,1.00
2017.04.20 13:02:45.540,8.57923,8.58039,1.00,1.00
2017.04.20 13:02:46.176,8.57919,8.58039,1.00,1.00
2017.04.20 13:02:46.226,8.57928,8.58039,1.00,1.00
2017.04.20 13:02:46.507,8.57919,8.58039,1.00,1.00
2017.04.20 13:02:46.558,8.57928,8.58039,1.00,1.00
2017.04.20 13:02:46.618,8.57919,8.58039,1.00,1.00
2017.04.20 13:02:46.669,8.57928,8.58039,1.00,1.00
2017.04.20 13:02:46.771,8.57908,8.58039,1.50,1.00
2017.04.20 13:02:47.802,8.57912,8.58039,1.00,1.00
2017.04.20 13:02:49.273,8.57927,8.58039,1.00,1.00
2017.04.20 13:02:49.870,8.57921,8.58039,1.00,1.00
2017.04.20 13:02:52.317,8.57927,8.58039,1.00,1.00
2017.04.20 13:02:53.444,8.57929,8.58039,1.00,1.00
2017.04.20 13:02:53.646,8.57933,8.58063,1.00,1.00
2017.04.20 13:02:53.949,8.57933,8.5804,1.00,1.00
2017.04.20 13:02:54.556,8.57927,8.5804,1.00,1.00
2017.04.20 13:02:56.114,8.57932,8.5804,1.00,1.00
2017.04.20 13:02:56.415,8.57976,8.58104,1.00,1.00
2017.04.20 13:02:56.467,8.57988,8.58104,1.00,1.00
2017.04.20 13:02:56.518,8.57971,8.5809,1.00,1.00
2017.04.20 13:02:56.670,8.57957,8.58088,1.00,1.00
2017.04.20 13:02:56.822,8.57955,8.5808,1.00,1.00
2017.04.20 13:02:57.126,8.57985,8.58072,1.00,1.00
2017.04.20 13:02:57.320,8.57997,8.5813,1.00,1.00
2017.04.20 13:02:57.529,8.57997,8.58121,1.00,1.00
2017.04.20 13:02:57.834,8.58,8.58066,1.60,1.00
2017.04.20 13:02:57.937,8.58,8.58086,1.60,1.00
2017.04.20 13:02:57.989,8.58,8.5813,1.60,1.00
2017.04.20 13:02:58.040,8.58025,8.5813,1.60,1.00
2017.04.20 13:02:58.359,8.58021,8.58152,2.10,1.00
2017.04.20 13:02:58.512,8.58021,8.58152,2.10,1.00
2017.04.20 13:02:58.663,8.58044,8.58175,1.00,1.00
2017.04.20 13:02:58.866,8.58043,8.58161,1.00,1.00
2017.04.20 13:02:59.181,8.58038,8.58161,1.00,1.00
2017.04.20 13:02:59.725,8.58034,8.58161,1.00,1.00
2017.04.20 13:02:59.832,8.58028,8.58139,1.00,1.00
2017.04.20 13:02:59.984,8.58009,8.58128,1.00,1.00
2017.04.20 13:03:00.233,8.58009,8.58113,1.00,1.00
2017.04.20 13:03:00.578,8.58009,8.5813,1.00,1.00
2017.04.20 13:03:00.831,8.58006,8.5813,1.00,1.00
2017.04.20 13:03:01.496,8.58002,8.5813,1.00,1.00
2017.04.20 13:03:02.508,8.58004,8.5813,1.00,1.00
2017.04.20 13:03:03.568,8.58,8.5813,1.00,1.00
2017.04.20 13:03:03.954,8.58007,8.5813,1.00,1.00
2017.04.20 13:03:04.221,8.57999,8.5813,1.00,1.00
2017.04.20 13:03:05.379,8.58013,8.5813,1.00,1.00
2017.04.20 13:03:05.684,8.58041,8.58153,1.00,1.00
2017.04.20 13:03:06.513,8.5804,8.58153,1.00,1.00
2017.04.20 13:03:07.702,8.58044,8.58153,1.00,1.00
2017.04.20 13:03:08.157,8.5804,8.58153,1.00,1.00
2017.04.20 13:03:08.868,8.58035,8.58153,1.00,1.00
2017.04.20 13:03:09.892,8.58029,8.58153,1.00,1.00
2017.04.20 13:03:11.134,8.58022,8.58153,1.00,1.00
2017.04.20 13:03:12.823,8.58022,8.58138,1.00,1.00
2017.04.20 13:03:12.925,8.57996,8.58127,1.00,1.00
2017.04.20 13:03:13.027,8.57996,8.58111,1.00,1.00
2017.04.20 13:03:13.494,8.57986,8.58111,1.00,1.00
2017.04.20 13:03:14.395,8.57996,8.58111,1.00,1.00
2017.04.20 13:03:15.853,8.57999,8.58111,1.00,1.00
2017.04.20 13:03:20.223,8.57999,8.58128,1.00,1.00
2017.04.20 13:03:21.132,8.58014,8.58128,1.00,1.00
2017.04.20 13:03:21.435,8.58016,8.58128,1.00,1.00
2017.04.20 13:03:21.670,8.58033,8.5816,1.00,1.00
2017.04.20 13:03:22.531,8.58035,8.5816,1.00,1.00
2017.04.20 13:03:22.902,8.5803,8.5816,1.00,1.00
2017.04.20 13:03:23.094,8.58038,8.5816,1.00,1.00
2017.04.20 13:03:23.395,8.58058,8.5816,1.00,1.00
2017.04.20 13:03:23.446,8.58058,8.58184,1.00,1.00
2017.04.20 13:03:23.598,8.58056,8.58184,1.60,1.00
2017.04.20 13:03:23.851,8.58102,8.58224,1.00,1.00
2017.04.20 13:03:24.045,8.58131,8.58239,1.00,1.00
2017.04.20 13:03:24.249,8.58153,8.58283,1.00,1.00
2017.04.20 13:03:24.350,8.58168,8.58301,1.00,1.00
2017.04.20 13:03:24.401,8.58168,8.58284,1.00,1.00
2017.04.20 13:03:24.733,8.58127,8.58252,1.00,1.00
2017.04.20 13:03:24.785,8.58149,8.58252,1.00,1.00
2017.04.20 13:03:25.170,8.58204,8.58333,1.00,1.00
2017.04.20 13:03:25.221,8.58204,8.58314,1.00,1.75
2017.04.20 13:03:25.323,8.58179,8.58284,1.00,1.37
2017.04.20 13:03:25.425,8.58153,8.58282,1.00,1.37
2017.04.20 13:03:25.527,8.5813,8.58262,1.37,1.00
2017.04.20 13:03:25.832,8.58169,8.58302,1.00,1.75
2017.04.20 13:03:27.022,8.58169,8.58302,1.00,1.00
2017.04.20 13:03:27.478,8.5817,8.583,1.00,1.00
2017.04.20 13:03:27.580,8.58148,8.58281,1.00,1.00
2017.04.20 13:03:27.631,8.58155,8.58281,1.00,1.00
2017.04.20 13:03:27.783,8.58152,8.58281,1.00,1.00
2017.04.20 13:03:28.036,8.58148,8.58281,1.00,1.00
2017.04.20 13:03:28.599,8.58151,8.58282,1.50,1.00
2017.04.20 13:03:28.650,8.58166,8.58299,1.00,1.00
2017.04.20 13:03:29.252,8.58166,8.58295,1.00,1.00
2017.04.20 13:03:29.303,8.58166,8.58299,1.00,1.00
2017.04.20 13:03:29.606,8.58179,8.58299,1.60,1.00
2017.04.20 13:03:29.789,8.5819,8.58323,1.00,1.00
2017.04.20 13:03:29.840,8.58201,8.58323,1.00,1.00
2017.04.20 13:03:29.891,8.58214,8.58347,1.00,1.00
2017.04.20 13:03:29.942,8.58196,8.58327,1.00,1.00
2017.04.20 13:03:30.245,8.582,8.58327,1.00,1.00
2017.04.20 13:03:30.598,8.58209,8.58327,1.00,1.00
2017.04.20 13:03:31.412,8.58205,8.58327,1.00,1.00
2017.04.20 13:03:31.766,8.58196,8.58327,1.00,1.00
2017.04.20 13:03:31.868,8.58199,8.58327,1.00,1.00
2017.04.20 13:03:32.269,8.58202,8.58327,1.00,1.00
2017.04.20 13:03:32.574,8.58202,8.58312,1.00,1.00
2017.04.20 13:03:32.754,8.58191,8.58312,1.00,1.00
2017.04.20 13:03:32.805,8.58179,8.58309,1.00,1.00
2017.04.20 13:03:32.856,8.58177,8.58296,1.00,1.00
2017.04.20 13:03:33.159,8.58163,8.5828,1.00,1.00
2017.04.20 13:03:33.434,8.58147,8.5828,1.00,1.00
2017.04.20 13:03:33.486,8.58139,8.58264,1.00,1.00
2017.04.20 13:03:33.790,8.58138,8.58248,1.60,1.00
2017.04.20 13:03:33.993,8.58166,8.58299,1.00,1.00
2017.04.20 13:03:34.687,8.58166,8.58291,1.00,1.00
2017.04.20 13:03:34.890,8.58119,8.5825,1.00,1.00
2017.04.20 13:03:35.043,8.58119,8.58247,1.00,1.00
2017.04.20 13:03:35.297,8.58094,8.58227,1.00,1.00
2017.04.20 13:03:36.304,8.58094,8.58227,1.00,1.75
2017.04.20 13:03:37.564,8.58094,8.58227,1.00,1.00
2017.04.20 13:03:37.949,8.58077,8.58208,1.00,1.00
2017.04.20 13:03:38.651,8.5808,8.58208,1.00,1.00
2017.04.20 13:03:38.702,8.581,8.58233,1.00,1.00
2017.04.20 13:03:38.905,8.581,8.58227,1.00,1.00
2017.04.20 13:03:39.699,8.581,8.58224,1.00,1.00
2017.04.20 13:03:40.031,8.581,8.58228,1.00,1.00
2017.04.20 13:03:40.815,8.581,8.58204,1.00,1.00
2017.04.20 13:03:40.916,8.58079,8.58207,1.00,1.00
2017.04.20 13:03:41.881,8.58076,8.58207,1.50,1.50
2017.04.20 13:03:45.025,8.58079,8.58207,1.00,1.00
2017.04.20 13:03:45.535,8.58078,8.58207,1.00,1.00
2017.04.20 13:03:45.838,8.58076,8.58199,1.00,1.00
2017.04.20 13:03:46.842,8.58076,8.58194,1.00,1.00
2017.04.20 13:03:46.943,8.58061,8.58189,1.00,1.00
2017.04.20 13:03:47.044,8.58061,8.58181,1.00,1.00
2017.04.20 13:03:47.607,8.58061,8.58188,1.00,1.00
2017.04.20 13:03:48.758,8.58057,8.58179,1.00,1.00
2017.04.20 13:03:49.105,8.58037,8.58156,1.00,1.00
2017.04.20 13:03:49.401,8.5804,8.58157,1.00,1.00
2017.04.20 13:03:49.452,8.58025,8.58156,1.00,1.00
2017.04.20 13:03:49.765,8.58025,8.58152,1.00,1.00
2017.04.20 13:03:50.397,8.58025,8.58145,1.00,1.00
2017.04.20 13:03:50.877,8.58025,8.58138,1.00,1.00
2017.04.20 13:03:50.978,8.58025,8.58146,1.00,1.00
2017.04.20 13:03:51.938,8.58025,8.58148,1.00,1.00
2017.04.20 13:03:52.829,8.58025,8.58153,1.00,1.00
2017.04.20 13:03:53.490,8.58025,8.58156,1.00,1.00
2017.04.20 13:03:53.642,8.58036,8.58156,1.00,1.00
2017.04.20 13:03:53.972,8.58047,8.58156,1.00,1.00
2017.04.20 13:03:54.124,8.58055,8.58185,1.00,1.00
2017.04.20 13:03:54.968,8.58052,8.58185,1.00,1.00
2017.04.20 13:03:55.556,8.58056,8.58185,1.00,1.00
2017.04.20 13:03:55.657,8.58068,8.58201,1.00,1.00
2017.04.20 13:04:01.615,8.58068,8.58199,1.00,1.00
2017.04.20 13:04:01.932,8.58089,8.58201,2.10,1.00
2017.04.20 13:04:01.983,8.58112,8.58201,1.00,1.00
2017.04.20 13:04:02.084,8.58137,8.58221,1.00,1.00
2017.04.20 13:04:02.135,8.58137,8.5827,1.00,1.00
2017.04.20 13:04:02.236,8.58137,8.58253,1.00,1.00
2017.04.20 13:04:02.388,8.58121,8.58253,1.00,1.00
2017.04.20 13:04:02.613,8.58105,8.58238,1.00,1.00
2017.04.20 13:04:03.543,8.58105,8.58237,1.00,1.00
2017.04.20 13:04:05.348,8.58105,8.58231,1.00,1.00
2017.04.20 13:04:05.666,8.58105,8.58217,1.00,1.00
2017.04.20 13:04:05.768,8.58089,8.58207,1.00,1.00
2017.04.20 13:04:06.008,8.58065,8.58191,1.00,1.00
2017.04.20 13:04:06.677,8.58066,8.58197,1.00,1.00
2017.04.20 13:04:06.952,8.58081,8.58198,1.00,1.00
2017.04.20 13:04:07.003,8.58082,8.58213,1.00,1.00
2017.04.20 13:04:07.154,8.58091,8.58213,1.00,1.00
2017.04.20 13:04:07.497,8.58105,8.58224,1.00,1.00
2017.04.20 13:04:08.356,8.58105,8.58236,1.00,1.00
2017.04.20 13:04:08.599,8.58105,8.58199,1.00,1.00
2017.04.20 13:04:08.701,8.58086,8.58184,1.50,1.00
2017.04.20 13:04:08.802,8.58086,8.58199,1.00,1.00
2017.04.20 13:04:08.853,8.58086,8.58167,1.00,1.00
2017.04.20 13:04:08.905,8.58066,8.58149,1.00,1.00
2017.04.20 13:04:09.008,8.58045,8.58166,1.50,1.00
2017.04.20 13:04:09.362,8.58036,8.58159,1.00,1.00
2017.04.20 13:04:09.907,8.58036,8.58141,1.00,1.00
2017.04.20 13:04:10.009,8.58033,8.58141,1.00,1.00
2017.04.20 13:04:10.110,8.58012,8.58141,1.00,1.00
2017.04.20 13:04:10.415,8.58008,8.58135,1.00,1.00
2017.04.20 13:04:11.134,8.58008,8.58139,1.00,1.00
2017.04.20 13:04:11.191,8.58008,8.58128,1.00,1.00
2017.04.20 13:04:11.506,8.57996,8.58125,1.00,1.00
2017.04.20 13:04:11.608,8.58007,8.58125,1.00,1.00
2017.04.20 13:04:12.033,8.57999,8.58125,1.00,1.00
2017.04.20 13:04:12.600,8.57993,8.58123,1.00,1.00
2017.04.20 13:04:12.651,8.58002,8.58125,1.00,1.00
2017.04.20 13:04:12.703,8.57993,8.58123,1.00,1.00
2017.04.20 13:04:13.377,8.57992,8.58102,1.00,1.00
2017.04.20 13:04:13.478,8.57977,8.58102,1.00,1.00
2017.04.20 13:04:14.284,8.57981,8.5811,1.00,1.00
2017.04.20 13:04:14.554,8.57977,8.58104,1.00,1.00
2017.04.20 13:04:15.008,8.57983,8.5811,1.00,1.00
2017.04.20 13:04:15.813,8.57978,8.5811,1.00,1.00
2017.04.20 13:04:16.323,8.57986,8.5811,1.00,1.00
2017.04.20 13:04:16.909,8.57978,8.5811,1.00,1.00
2017.04.20 13:04:17.914,8.57995,8.58111,1.00,1.00
2017.04.20 13:04:18.068,8.57995,8.58122,1.00,1.00
2017.04.20 13:04:18.322,8.58009,8.58122,1.00,1.00
2017.04.20 13:04:18.373,8.58012,8.58142,1.00,1.00
2017.04.20 13:04:18.475,8.58015,8.58142,1.00,1.00
2017.04.20 13:04:18.778,8.58038,8.58158,1.00,1.00
2017.04.20 13:04:18.880,8.58035,8.58158,1.00,1.00
2017.04.20 13:04:19.035,8.58048,8.58158,1.00,1.00
2017.04.20 13:04:19.249,8.58025,8.58152,1.00,1.00
2017.04.20 13:04:20.049,8.58025,8.5813,1.00,1.00
2017.04.20 13:04:20.150,8.58025,8.58142,1.00,1.00
2017.04.20 13:04:20.201,8.5801,8.58141,1.50,1.00
2017.04.20 13:04:20.252,8.58021,8.58141,1.00,1.00
2017.04.20 13:04:20.303,8.58036,8.58158,1.00,1.00
2017.04.20 13:04:20.455,8.5805,8.58158,1.00,1.00
2017.04.20 13:04:20.566,8.5805,8.58182,1.00,1.50
2017.04.20 13:04:21.021,8.58049,8.58171,1.00,1.00
2017.04.20 13:04:22.142,8.58049,8.58166,1.00,1.00
2017.04.20 13:04:22.345,8.58034,8.58166,1.00,1.50
2017.04.20 13:04:22.643,8.58033,8.5815,1.00,1.00
2017.04.20 13:04:22.744,8.58034,8.58166,1.00,1.00
2017.04.20 13:04:23.111,8.58033,8.58135,1.00,1.00
2017.04.20 13:04:23.213,8.58014,8.58135,1.00,1.00
2017.04.20 13:04:23.415,8.58003,8.58128,1.00,1.00
2017.04.20 13:04:23.654,8.57978,8.58109,1.00,1.00
2017.04.20 13:04:23.756,8.57978,8.58093,1.00,1.00
2017.04.20 13:04:23.907,8.57982,8.58111,1.00,1.50
2017.04.20 13:04:24.110,8.57992,8.58115,1.00,1.00
2017.04.20 13:04:24.802,8.57985,8.58115,1.00,1.00
2017.04.20 13:04:26.285,8.57998,8.58115,1.00,1.00
2017.04.20 13:04:26.336,8.57982,8.5811,1.00,1.00
2017.04.20 13:04:26.387,8.57982,8.58099,1.00,1.00
2017.04.20 13:04:26.539,8.57966,8.58097,1.00,1.00
2017.04.20 13:04:26.590,8.57964,8.58058,1.00,1.00
2017.04.20 13:04:26.742,8.57944,8.58058,1.00,1.00
2017.04.20 13:04:26.793,8.5794,8.58072,1.00,1.00
2017.04.20 13:04:26.844,8.5794,8.58055,1.00,1.00
2017.04.20 13:04:27.343,8.57962,8.58054,1.00,1.00
2017.04.20 13:04:27.495,8.57934,8.58054,1.00,1.00
2017.04.20 13:04:27.693,8.57934,8.58067,1.00,1.00
2017.04.20 13:04:27.845,8.57955,8.58083,1.00,1.00
2017.04.20 13:04:28.150,8.57976,8.58083,1.00,1.00
2017.04.20 13:04:28.656,8.57958,8.58083,1.00,1.00
2017.04.20 13:04:28.921,8.57971,8.58083,1.00,1.00
2017.04.20 13:04:29.225,8.57988,8.58083,1.00,1.00
2017.04.20 13:04:29.529,8.57971,8.58083,1.00,1.00
2017.04.20 13:04:29.630,8.57987,8.58083,1.00,1.00
2017.04.20 13:04:29.732,8.57972,8.58083,1.00,1.00
2017.04.20 13:04:29.975,8.5799,8.58083,1.00,1.00
2017.04.20 13:04:30.224,8.57953,8.58083,1.00,1.00
2017.04.20 13:04:30.428,8.57953,8.58063,1.00,1.00
2017.04.20 13:04:30.833,8.57962,8.58063,1.00,1.00
2017.04.20 13:04:31.277,8.57964,8.58063,1.00,1.00
2017.04.20 13:04:31.887,8.57947,8.58063,1.00,1.00
2017.04.20 13:04:31.938,8.57933,8.58045,1.00,1.00
2017.04.20 13:04:32.243,8.57957,8.58045,1.00,1.00
2017.04.20 13:04:32.346,8.57957,8.58061,1.00,1.00
2017.04.20 13:04:32.741,8.57957,8.58045,1.00,1.00
2017.04.20 13:04:32.904,8.57957,8.5806,1.00,1.00
2017.04.20 13:04:32.955,8.57964,8.5806,1.00,1.00
2017.04.20 13:04:33.112,8.57948,8.5806,1.00,1.00
2017.04.20 13:04:33.315,8.57943,8.5806,1.00,1.00
2017.04.20 13:04:33.366,8.57932,8.5806,1.00,1.00
2017.04.20 13:04:33.417,8.57945,8.5806,1.00,1.00
2017.04.20 13:04:33.569,8.57945,8.58075,1.00,1.00
2017.04.20 13:04:34.282,8.57943,8.58054,1.00,1.00
2017.04.20 13:04:34.333,8.57943,8.58074,1.00,1.00
2017.04.20 13:04:34.843,8.57943,8.58075,1.50,1.00
2017.04.20 13:04:34.944,8.57943,8.58059,1.00,1.00
2017.04.20 13:04:35.334,8.57934,8.58059,1.00,1.00
2017.04.20 13:04:35.385,8.5794,8.58059,1.00,1.00
2017.04.20 13:04:35.537,8.5793,8.58059,1.00,1.00
2017.04.20 13:04:35.791,8.57923,8.58026,1.00,1.00
2017.04.20 13:04:36.043,8.57935,8.58046,1.00,1.00
2017.04.20 13:04:36.094,8.57935,8.5805,1.00,1.00
2017.04.20 13:04:36.145,8.5795,8.5805,1.00,1.00
2017.04.20 13:04:36.460,8.57937,8.5805,1.00,1.00
2017.04.20 13:04:36.715,8.57924,8.5805,1.00,1.00
2017.04.20 13:04:36.940,8.57948,8.58042,1.00,1.00
2017.04.20 13:04:37.092,8.57948,8.58057,1.00,1.00
2017.04.20 13:04:37.704,8.57941,8.58057,1.00,1.00
2017.04.20 13:04:37.966,8.57908,8.58026,1.00,1.00
2017.04.20 13:04:38.268,8.57894,8.58025,1.00,1.00
2017.04.20 13:04:38.370,8.57915,8.58026,1.00,1.00
2017.04.20 13:04:39.018,8.57901,8.58026,1.00,1.00
2017.04.20 13:04:39.120,8.57915,8.58026,1.00,1.00
2017.04.20 13:04:39.889,8.57908,8.58026,1.00,1.00
2017.04.20 13:04:40.193,8.57893,8.58025,1.00,1.00
2017.04.20 13:04:40.294,8.57882,8.5801,1.00,1.00
2017.04.20 13:04:40.565,8.57862,8.57993,1.50,1.00
2017.04.20 13:04:40.616,8.57862,8.57981,1.00,1.00
2017.04.20 13:04:40.667,8.57848,8.57978,1.00,1.00
2017.04.20 13:04:40.941,8.57846,8.57978,1.00,1.00
2017.04.20 13:04:41.260,8.57845,8.57958,1.00,1.00
2017.04.20 13:04:41.462,8.57827,8.57958,1.00,1.00
2017.04.20 13:04:41.955,8.57827,8.57952,1.00,1.00
2017.04.20 13:04:42.056,8.57827,8.57956,1.00,1.00
2017.04.20 13:04:42.107,8.57827,8.57923,1.00,1.00
2017.04.20 13:04:42.322,8.57795,8.57923,1.00,1.00
2017.04.20 13:04:42.373,8.57792,8.57912,1.00,1.00
2017.04.20 13:04:42.946,8.57782,8.57912,1.00,1.00
2017.04.20 13:04:43.098,8.57779,8.57912,1.00,1.00
2017.04.20 13:04:43.199,8.57792,8.57912,1.00,1.00
2017.04.20 13:04:43.326,8.57796,8.57924,1.00,1.00
2017.04.20 13:04:43.378,8.57819,8.57944,1.00,1.00
2017.04.20 13:04:43.720,8.57836,8.57952,1.00,1.00
2017.04.20 13:04:43.771,8.5782,8.57952,1.00,1.50
2017.04.20 13:04:43.923,8.5782,8.57934,1.00,1.00
2017.04.20 13:04:44.164,8.57803,8.57934,1.00,1.00
2017.04.20 13:04:44.873,8.57803,8.57927,1.00,1.00
2017.04.20 13:04:45.208,8.57803,8.57919,1.00,1.00
2017.04.20 13:04:45.765,8.57809,8.57936,1.00,1.00
2017.04.20 13:04:46.170,8.57803,8.57932,1.00,1.00
2017.04.20 13:04:46.438,8.57803,8.57921,1.00,1.00
2017.04.20 13:04:46.539,8.57803,8.57932,1.00,1.00
2017.04.20 13:04:47.176,8.57803,8.57924,1.00,1.00
2017.04.20 13:04:47.784,8.57803,8.57934,1.00,1.00
2017.04.20 13:04:47.835,8.57803,8.57925,1.00,1.00
2017.04.20 13:04:48.335,8.57808,8.57936,1.00,1.00
2017.04.20 13:04:48.768,8.57803,8.57927,1.00,1.00
2017.04.20 13:04:48.920,8.57803,8.57935,1.50,1.00
2017.04.20 13:04:49.284,8.57815,8.57936,1.00,1.00
2017.04.20 13:04:49.528,8.5782,8.57948,1.00,1.00
2017.04.20 13:04:50.208,8.5782,8.57951,1.50,1.00
2017.04.20 13:04:50.836,8.5782,8.57942,1.00,1.00
2017.04.20 13:04:50.887,8.57803,8.57926,1.00,1.00
2017.04.20 13:04:51.039,8.57811,8.57936,1.00,1.00
2017.04.20 13:04:51.141,8.57803,8.57933,1.00,1.00
2017.04.20 13:04:51.996,8.57803,8.57926,1.00,1.00
2017.04.20 13:04:52.098,8.57793,8.5792,1.00,1.00
2017.04.20 13:04:52.433,8.57787,8.57918,1.00,1.00
2017.04.20 13:04:52.837,8.5779,8.5792,1.00,1.00
2017.04.20 13:04:53.534,8.57796,8.5792,1.00,1.00
2017.04.20 13:04:57.651,8.57789,8.5792,1.00,1.00
2017.04.20 13:04:58.704,8.57787,8.5791,1.00,1.00
2017.04.20 13:04:59.627,8.57767,8.57887,1.00,1.00
2017.04.20 13:04:59.728,8.57754,8.57884,1.00,1.00
2017.04.20 13:05:00.277,8.57751,8.57878,1.00,1.00
2017.04.20 13:05:00.598,8.57745,8.5786,1.00,1.00
2017.04.20 13:05:00.649,8.5774,8.5786,1.00,1.00
2017.04.20 13:05:01.735,8.57737,8.5786,1.00,1.00
2017.04.20 13:05:02.746,8.57732,8.5786,1.00,1.00
2017.04.20 13:05:04.252,8.57732,8.57843,1.00,1.00
2017.04.20 13:05:04.638,8.57719,8.57843,1.00,1.00
2017.04.20 13:05:04.942,8.57719,8.57828,1.00,1.00
2017.04.20 13:05:05.213,8.57719,8.57844,1.00,1.00
2017.04.20 13:05:05.853,8.5772,8.57844,1.00,1.00
2017.04.20 13:05:05.908,8.57724,8.57844,1.00,1.00
2017.04.20 13:05:06.634,8.57719,8.57844,1.00,1.00
2017.04.20 13:05:08.216,8.57715,8.57844,1.00,1.00
2017.04.20 13:05:08.573,8.57723,8.57844,1.00,1.00
2017.04.20 13:05:10.030,8.57711,8.57842,1.00,1.00
2017.04.20 13:05:10.131,8.5771,8.57827,1.00,1.00
2017.04.20 13:05:10.473,8.5772,8.57827,1.00,1.00
2017.04.20 13:05:10.525,8.57711,8.57839,1.00,1.00
2017.04.20 13:05:10.808,8.57706,8.57828,1.00,1.00
2017.04.20 13:05:11.221,8.57722,8.57828,1.00,1.00
2017.04.20 13:05:11.423,8.57717,8.57828,1.00,1.00
2017.04.20 13:05:11.524,8.57708,8.57828,1.00,1.00
2017.04.20 13:05:11.879,8.57706,8.57828,1.00,1.00
2017.04.20 13:05:12.407,8.57714,8.57828,1.00,1.00
2017.04.20 13:05:12.458,8.57705,8.57828,1.00,1.00
2017.04.20 13:05:12.560,8.57713,8.57845,1.00,1.50
2017.04.20 13:05:13.361,8.57719,8.57845,1.00,1.00
2017.04.20 13:05:13.665,8.57745,8.57869,1.00,1.00
2017.04.20 13:05:14.002,8.57745,8.57862,1.00,1.00
2017.04.20 13:05:14.053,8.57729,8.5786,1.00,1.00
2017.04.20 13:05:14.446,8.57732,8.5786,1.00,1.00
2017.04.20 13:05:14.649,8.57744,8.57877,1.00,1.00
2017.04.20 13:05:15.726,8.57744,8.57875,1.00,1.00
2017.04.20 13:05:16.029,8.57728,8.57852,1.00,1.00
2017.04.20 13:05:16.332,8.57728,8.57838,1.00,1.00
2017.04.20 13:05:16.854,8.57728,8.57845,1.00,1.00
2017.04.20 13:05:19.375,8.57711,8.57844,1.00,1.00
2017.04.20 13:05:20.377,8.57728,8.57861,1.00,1.00
2017.04.20 13:05:20.861,8.57736,8.57861,1.00,1.00
2017.04.20 13:05:21.113,8.57755,8.57886,1.00,1.00
2017.04.20 13:05:22.490,8.57778,8.57906,1.00,1.00
2017.04.20 13:05:23.252,8.57778,8.5791,1.00,1.00
2017.04.20 13:05:27.864,8.57798,8.5791,1.00,1.00
2017.04.20 13:05:27.915,8.578,8.57932,1.00,1.00
2017.04.20 13:05:27.966,8.578,8.57923,1.00,1.00
2017.04.20 13:05:28.286,8.57751,8.57868,1.00,1.00
2017.04.20 13:05:28.337,8.57751,8.57884,1.00,1.00
2017.04.20 13:05:28.441,8.57778,8.57884,1.00,1.00
2017.04.20 13:05:28.593,8.57793,8.57921,1.00,1.37
2017.04.20 13:05:29.099,8.57813,8.57934,1.00,1.75
2017.04.20 13:05:29.393,8.57813,8.57944,1.00,1.00
2017.04.20 13:05:30.166,8.57813,8.57941,1.00,1.00
2017.04.20 13:05:30.217,8.57813,8.57946,1.00,1.50
2017.04.20 13:05:30.812,8.57814,8.57946,1.00,1.00
2017.04.20 13:05:30.862,8.57813,8.57903,1.00,1.00
2017.04.20 13:05:31.014,8.57768,8.57867,1.00,1.00
2017.04.20 13:05:31.065,8.57757,8.57867,1.00,1.00
2017.04.20 13:05:31.262,8.57789,8.579,1.00,1.00
2017.04.20 13:05:31.313,8.57812,8.57942,1.00,1.00
2017.04.20 13:05:31.365,8.57814,8.57942,1.00,1.00
2017.04.20 13:05:31.415,8.57834,8.57963,1.00,1.00
2017.04.20 13:05:31.618,8.57818,8.5795,1.00,1.00
2017.04.20 13:05:31.820,8.57835,8.57963,1.00,1.00
2017.04.20 13:05:31.921,8.57835,8.57966,1.00,1.00
2017.04.20 13:05:32.124,8.57835,8.57968,1.00,1.00
2017.04.20 13:05:33.156,8.57838,8.57968,1.00,1.00
2017.04.20 13:05:34.528,8.57835,8.57968,1.00,1.00
2017.04.20 13:05:35.304,8.57838,8.57968,1.00,1.00
2017.04.20 13:05:35.611,8.57862,8.57981,1.00,1.00
2017.04.20 13:05:35.993,8.57862,8.57976,1.00,1.00
2017.04.20 13:05:36.304,8.57862,8.57981,1.00,1.00
2017.04.20 13:05:37.139,8.57862,8.57974,1.00,1.00
2017.04.20 13:05:37.240,8.57843,8.57974,1.00,1.00
2017.04.20 13:05:37.853,8.57843,8.57975,1.00,1.00
2017.04.20 13:05:38.236,8.57843,8.57967,1.00,1.00
2017.04.20 13:05:38.838,8.57843,8.57975,1.00,1.00
2017.04.20 13:05:38.888,8.57846,8.57976,1.00,1.00
2017.04.20 13:05:39.861,8.57853,8.57976,1.00,1.00
2017.04.20 13:05:40.211,8.57886,8.57994,1.00,1.00
2017.04.20 13:05:40.363,8.57901,8.5803,1.00,1.00
2017.04.20 13:05:40.784,8.57914,8.5803,1.00,1.00
2017.04.20 13:05:41.088,8.57936,8.5803,1.00,1.00
2017.04.20 13:05:41.139,8.57939,8.58048,1.00,1.00
2017.04.20 13:05:41.327,8.57947,8.5808,1.00,1.00
2017.04.20 13:05:41.379,8.57969,8.5808,1.00,1.00
2017.04.20 13:05:41.632,8.57925,8.58056,1.00,1.00
2017.04.20 13:05:41.835,8.57957,8.58078,1.00,1.00
2017.04.20 13:05:42.583,8.57963,8.58096,1.00,1.00
2017.04.20 13:05:42.634,8.57966,8.58096,1.00,1.00
2017.04.20 13:05:42.689,8.57963,8.58094,1.00,1.00
2017.04.20 13:05:42.841,8.57966,8.58096,1.00,1.00
2017.04.20 13:05:43.504,8.57978,8.58096,1.00,1.00
2017.04.20 13:05:46.175,8.57975,8.58096,1.00,1.00
2017.04.20 13:05:46.612,8.57986,8.58096,1.00,1.00
2017.04.20 13:05:46.663,8.57986,8.58115,1.00,1.00
2017.04.20 13:05:50.292,8.57982,8.58101,1.00,1.00
2017.04.20 13:05:50.495,8.57957,8.58083,1.50,1.00
2017.04.20 13:05:50.647,8.57967,8.58093,1.00,1.00
2017.04.20 13:05:50.985,8.57951,8.58082,1.00,1.00
2017.04.20 13:05:51.417,8.57949,8.5808,1.00,1.50
2017.04.20 13:05:51.468,8.57928,8.5806,1.00,1.00
2017.04.20 13:05:51.879,8.57928,8.58054,1.00,1.00
2017.04.20 13:05:51.981,8.57911,8.58043,1.00,1.00
2017.04.20 13:05:52.572,8.5791,8.58037,1.00,1.00
2017.04.20 13:05:52.909,8.57895,8.58024,1.37,1.00
2017.04.20 13:05:53.112,8.57884,8.5801,1.00,1.00
2017.04.20 13:05:53.697,8.57882,8.5801,1.00,1.00
2017.04.20 13:05:57.341,8.57886,8.5801,1.00,1.00
2017.04.20 13:05:57.922,8.57882,8.5801,1.50,1.00
2017.04.20 13:06:01.571,8.57887,8.5801,1.00,1.00
2017.04.20 13:06:02.060,8.57882,8.5801,1.00,1.00
2017.04.20 13:06:02.111,8.57882,8.58006,1.00,1.00
2017.04.20 13:06:02.414,8.57882,8.57977,1.00,1.00
2017.04.20 13:06:04.225,8.57857,8.57977,1.00,1.00
2017.04.20 13:06:04.377,8.57857,8.57967,1.00,1.00
2017.04.20 13:06:04.428,8.57844,8.57967,1.00,1.00
2017.04.20 13:06:04.529,8.57825,8.57954,1.00,1.00
2017.04.20 13:06:04.580,8.57825,8.57954,1.37,1.00
2017.04.20 13:06:05.124,8.57835,8.57954,1.12,1.00
2017.04.20 13:06:06.225,8.57837,8.57969,1.00,1.00
2017.04.20 13:06:06.579,8.57854,8.57969,1.37,1.00
2017.04.20 13:06:06.810,8.57868,8.57989,1.00,1.00
2017.04.20 13:06:06.861,8.57869,8.58001,1.37,1.00
2017.04.20 13:06:07.394,8.57873,8.58001,1.12,1.00
2017.04.20 13:06:10.166,8.5788,8.58001,1.00,1.00
2017.04.20 13:06:10.218,8.57885,8.58016,1.00,1.00
2017.04.20 13:06:10.623,8.57893,8.58016,1.00,1.00
2017.04.20 13:06:10.973,8.57897,8.58016,1.00,1.00
2017.04.20 13:06:11.786,8.57907,8.58016,1.37,1.00
2017.04.20 13:06:11.836,8.57908,8.58036,1.37,1.00
2017.04.20 13:06:11.887,8.57908,8.58041,1.37,1.00
2017.04.20 13:06:12.402,8.57908,8.58041,1.37,1.00
2017.04.20 13:06:12.629,8.57919,8.58041,1.00,1.00
2017.04.20 13:06:13.250,8.57922,8.58041,1.00,1.00
2017.04.20 13:06:13.609,8.57922,8.58039,1.00,1.00
2017.04.20 13:06:13.861,8.57908,8.58039,1.00,1.00
2017.04.20 13:06:13.912,8.57908,8.58027,1.00,1.00
2017.04.20 13:06:15.000,8.57905,8.58022,1.00,1.00
2017.04.20 13:06:17.946,8.57909,8.58031,1.00,1.00
2017.04.20 13:06:18.097,8.57909,8.58036,1.00,1.00
2017.04.20 13:06:18.148,8.57905,8.58026,1.00,1.00
2017.04.20 13:06:21.334,8.57909,8.58036,1.00,1.00
2017.04.20 13:06:22.208,8.57909,8.58039,1.00,1.00
2017.04.20 13:06:23.149,8.57939,8.58057,1.37,1.00
2017.04.20 13:06:23.251,8.57957,8.58078,1.37,1.00
2017.04.20 13:06:23.352,8.57957,8.5809,1.37,1.00
2017.04.20 13:06:23.453,8.57973,8.58098,1.00,1.00
2017.04.20 13:06:23.655,8.57973,8.58106,1.00,1.00
2017.04.20 13:06:25.716,8.57973,8.58105,1.00,1.00
2017.04.20 13:06:26.237,8.57973,8.58106,1.00,1.00
2017.04.20 13:06:28.320,8.57977,8.58106,1.00,1.00
2017.04.20 13:06:28.605,8.57973,8.58106,1.50,1.00
2017.04.20 13:06:28.656,8.57973,8.58103,1.00,1.00
2017.04.20 13:06:28.911,8.57981,8.58114,1.00,1.00
2017.04.20 13:06:29.315,8.57985,8.58114,1.00,1.00
2017.04.20 13:06:30.172,8.57985,8.5811,1.00,1.00
2017.04.20 13:06:30.375,8.57985,8.58114,1.00,1.00
2017.04.20 13:06:30.578,8.58007,8.58124,1.00,1.00
2017.04.20 13:06:30.630,8.58007,8.58138,1.00,1.00
2017.04.20 13:06:30.884,8.58018,8.58139,1.00,1.00
2017.04.20 13:06:31.142,8.58007,8.58139,1.00,1.00
2017.04.20 13:06:31.666,8.58027,8.58148,1.00,1.00
2017.04.20 13:06:31.717,8.58027,8.5816,1.00,1.00
2017.04.20 13:06:31.825,8.58027,8.58151,1.00,1.00
2017.04.20 13:06:31.971,8.58027,8.5816,1.00,1.00
2017.04.20 13:06:32.073,8.58035,8.5816,1.00,1.00
2017.04.20 13:06:32.380,8.58053,8.58176,1.00,1.00
2017.04.20 13:06:32.431,8.58068,8.58193,1.00,1.00
2017.04.20 13:06:32.584,8.58077,8.5821,1.00,1.50
2017.04.20 13:06:32.685,8.58068,8.58184,1.00,1.00
2017.04.20 13:06:33.132,8.58078,8.5821,1.00,1.00
2017.04.20 13:06:33.240,8.58081,8.58211,1.00,1.00
2017.04.20 13:06:33.341,8.58079,8.58211,1.00,1.00
2017.04.20 13:06:34.308,8.58081,8.58211,1.00,1.00
2017.04.20 13:06:34.359,8.58078,8.58211,1.00,1.00
2017.04.20 13:06:34.697,8.58078,8.58208,1.00,1.00
2017.04.20 13:06:35.320,8.58078,8.58211,1.00,1.00
2017.04.20 13:06:35.624,8.58078,8.58208,1.00,1.00
2017.04.20 13:06:36.577,8.58078,8.58211,1.00,1.00
2017.04.20 13:06:37.111,8.58078,8.58204,1.00,1.00
2017.04.20 13:06:37.416,8.58078,8.5819,1.00,1.00
2017.04.20 13:06:37.621,8.58054,8.58172,1.00,1.00
2017.04.20 13:06:37.775,8.58037,8.5817,1.00,1.00
2017.04.20 13:06:37.972,8.58037,8.58136,1.00,1.00
2017.04.20 13:06:38.025,8.58005,8.58122,1.00,1.00
2017.04.20 13:06:38.076,8.57989,8.58101,1.00,1.00
2017.04.20 13:06:38.228,8.57972,8.58086,1.00,1.00
2017.04.20 13:06:38.279,8.57968,8.58072,1.00,1.00
2017.04.20 13:06:38.783,8.57941,8.58069,1.00,1.00
2017.04.20 13:06:39.315,8.57941,8.58065,1.00,1.00
2017.04.20 13:06:40.322,8.57922,8.58051,1.00,1.00
2017.04.20 13:06:40.581,8.57918,8.58051,1.00,1.00
2017.04.20 13:06:40.683,8.57918,8.58047,1.00,1.00
2017.04.20 13:06:40.986,8.57906,8.58018,1.00,1.00
2017.04.20 13:06:41.087,8.57912,8.58039,1.00,1.00
2017.04.20 13:06:41.138,8.57912,8.58045,1.00,1.00
2017.04.20 13:06:41.322,8.57921,8.58045,1.00,1.00
2017.04.20 13:06:41.469,8.57928,8.58061,1.00,1.00
2017.04.20 13:06:41.723,8.57928,8.58052,1.00,1.00
2017.04.20 13:06:42.343,8.57928,8.58047,1.00,1.00
2017.04.20 13:06:42.584,8.57928,8.58061,1.00,1.00
2017.04.20 13:06:42.771,8.57937,8.58061,1.00,1.00
2017.04.20 13:06:42.872,8.57928,8.58061,1.00,1.50
2017.04.20 13:06:42.974,8.57934,8.58061,1.00,1.00
2017.04.20 13:06:43.284,8.57959,8.58076,1.00,1.00
2017.04.20 13:06:43.335,8.57959,8.58088,1.00,1.00
2017.04.20 13:06:43.436,8.57963,8.5809,1.00,1.00
2017.04.20 13:06:43.975,8.57959,8.58089,1.00,1.00
2017.04.20 13:06:44.825,8.57959,8.5809,1.00,1.00
2017.04.20 13:06:45.574,8.57959,8.58079,1.00,1.00
2017.04.20 13:06:46.596,8.57959,8.5808,1.00,1.00
2017.04.20 13:06:46.966,8.57959,8.58074,1.00,1.00
2017.04.20 13:06:47.824,8.57959,8.58073,1.00,1.00
2017.04.20 13:06:48.105,8.57959,8.58079,1.00,1.00
2017.04.20 13:06:48.993,8.57959,8.5809,1.00,1.00
2017.04.20 13:06:49.044,8.57963,8.5809,1.00,1.00
2017.04.20 13:06:49.145,8.57989,8.58118,1.00,1.00
2017.04.20 13:06:49.247,8.58006,8.58118,1.00,1.00
2017.04.20 13:06:50.119,8.58006,8.58121,1.00,1.00
2017.04.20 13:06:52.070,8.58006,8.58115,1.00,1.00
2017.04.20 13:06:52.121,8.57985,8.5811,1.00,1.00
2017.04.20 13:06:52.173,8.57982,8.5811,1.00,1.00
2017.04.20 13:06:53.096,8.57982,8.58106,1.00,1.00
2017.04.20 13:06:53.349,8.57952,8.58077,1.00,1.00
2017.04.20 13:06:53.945,8.57965,8.58084,1.00,1.00
2017.04.20 13:06:54.103,8.57965,8.58089,1.00,1.00
2017.04.20 13:06:54.575,8.57965,8.58096,1.00,1.00
2017.04.20 13:06:55.134,8.57965,8.58091,1.00,1.00
2017.04.20 13:06:58.284,8.57982,8.58091,1.00,1.00
2017.04.20 13:06:58.931,8.57982,8.58103,1.00,1.00
2017.04.20 13:06:59.712,8.57982,8.58113,1.00,1.00
2017.04.20 13:06:59.763,8.57982,8.58107,1.00,1.00
2017.04.20 13:07:00.034,8.57982,8.58113,1.00,1.00
2017.04.20 13:07:00.085,8.57982,8.58106,1.00,1.00
2017.04.20 13:07:00.355,8.57982,8.58113,1.00,1.00
2017.04.20 13:07:00.456,8.57982,8.58107,1.00,1.00
2017.04.20 13:07:00.637,8.57982,8.58113,1.00,1.00
2017.04.20 13:07:00.738,8.57982,8.58107,1.00,1.00
2017.04.20 13:07:01.030,8.57982,8.58113,1.00,1.00
2017.04.20 13:07:01.080,8.57982,8.58107,1.00,1.00
2017.04.20 13:07:01.169,8.57982,8.58113,1.00,1.00
2017.04.20 13:07:01.357,8.57982,8.58106,1.00,1.00
2017.04.20 13:07:01.662,8.57982,8.58075,1.00,1.00
2017.04.20 13:07:01.764,8.57949,8.58082,1.00,1.00
2017.04.20 13:07:01.815,8.57949,8.58066,1.00,1.00
2017.04.20 13:07:02.612,8.57949,8.58075,1.00,1.00
2017.04.20 13:07:02.663,8.57949,8.58062,1.00,1.00
2017.04.20 13:07:02.865,8.57949,8.58082,1.00,1.50
2017.04.20 13:07:03.638,8.57949,8.58077,1.00,1.00
2017.04.20 13:07:04.346,8.57949,8.58082,1.00,1.00
2017.04.20 13:07:05.381,8.57949,8.58056,1.00,1.00
2017.04.20 13:07:05.583,8.57929,8.58056,1.00,1.00
2017.04.20 13:07:05.786,8.57912,8.58045,1.00,1.00
2017.04.20 13:07:08.494,8.57912,8.5804,1.00,1.00
2017.04.20 13:07:08.692,8.57912,8.58045,1.00,1.00
2017.04.20 13:07:09.294,8.57928,8.58048,1.00,1.00
2017.04.20 13:07:09.395,8.57912,8.58045,1.00,1.00
2017.04.20 13:07:10.029,8.57917,8.58045,1.00,1.00
2017.04.20 13:07:10.187,8.57912,8.58043,1.00,1.00
2017.04.20 13:07:10.540,8.57912,8.58038,1.00,1.00
2017.04.20 13:07:10.861,8.57912,8.58045,1.00,1.00
2017.04.20 13:07:10.990,8.57912,8.58033,1.00,1.00
2017.04.20 13:07:11.560,8.57912,8.58043,1.00,1.00
2017.04.20 13:07:13.259,8.57912,8.58038,1.00,1.00
2017.04.20 13:07:14.150,8.57912,8.58043,1.00,1.00
2017.04.20 13:07:14.583,8.57912,8.58026,1.00,1.00
2017.04.20 13:07:14.899,8.57912,8.58014,1.00,1.00
2017.04.20 13:07:14.950,8.57895,8.58017,1.00,1.00
2017.04.20 13:07:15.152,8.57887,8.58017,1.00,1.00
2017.04.20 13:07:16.291,8.57888,8.58017,1.00,1.00
2017.04.20 13:07:16.573,8.57884,8.58007,1.00,1.00
2017.04.20 13:07:16.876,8.57884,8.57999,1.00,1.00
2017.04.20 13:07:16.927,8.57887,8.58013,1.00,1.00
2017.04.20 13:07:17.028,8.57887,8.58017,1.00,1.00
2017.04.20 13:07:17.180,8.57884,8.57989,1.00,1.00
2017.04.20 13:07:17.522,8.57854,8.5798,1.00,1.00
2017.04.20 13:07:18.008,8.57858,8.5798,1.00,1.00
2017.04.20 13:07:21.206,8.57855,8.5798,1.00,1.00
2017.04.20 13:07:23.308,8.57855,8.57969,1.00,1.00
2017.04.20 13:07:23.359,8.57855,8.57977,1.00,1.00
2017.04.20 13:07:23.410,8.57848,8.5798,1.00,1.00
2017.04.20 13:07:24.314,8.57849,8.5798,1.00,1.00
2017.04.20 13:07:24.540,8.57854,8.5798,1.00,1.00
2017.04.20 13:07:25.093,8.57868,8.57994,1.00,1.00
2017.04.20 13:07:26.314,8.57868,8.57999,1.00,1.00
2017.04.20 13:07:26.554,8.57868,8.57989,1.00,1.00
2017.04.20 13:07:26.656,8.57868,8.57997,1.00,1.00
2017.04.20 13:07:29.375,8.57868,8.58,1.00,1.50
2017.04.20 13:07:29.786,8.57884,8.58007,1.00,1.00
2017.04.20 13:07:29.841,8.57884,8.58015,1.00,1.00
2017.04.20 13:07:30.415,8.57885,8.58015,1.00,1.00
2017.04.20 13:07:30.620,8.57885,8.5801,1.00,1.00
2017.04.20 13:07:32.272,8.57894,8.58016,1.00,1.00
2017.04.20 13:07:32.475,8.57907,8.5804,1.00,1.00
2017.04.20 13:07:32.679,8.57923,8.58045,1.00,1.00
2017.04.20 13:07:33.150,8.57923,8.58056,1.00,1.00
2017.04.20 13:07:33.503,8.57926,8.58056,1.00,1.00
2017.04.20 13:07:33.807,8.57967,8.58089,1.00,1.00
2017.04.20 13:07:34.367,8.57988,8.58089,1.00,1.00
2017.04.20 13:07:34.516,8.57988,8.58102,1.00,1.00
2017.04.20 13:07:36.484,8.57988,8.58106,1.00,1.00
2017.04.20 13:07:36.756,8.57988,8.58116,1.00,1.00
2017.04.20 13:07:36.807,8.57988,8.58121,1.00,1.00
2017.04.20 13:07:36.959,8.57992,8.58121,1.00,1.00
2017.04.20 13:07:37.302,8.58012,8.58126,1.00,1.00
2017.04.20 13:07:37.487,8.58012,8.58134,1.00,1.00
2017.04.20 13:07:37.829,8.58012,8.58139,1.00,1.00
2017.04.20 13:07:38.782,8.58012,8.58144,1.00,1.00
2017.04.20 13:07:38.883,8.58029,8.58144,1.00,1.00
2017.04.20 13:07:39.316,8.58014,8.58144,1.00,1.00
2017.04.20 13:07:39.417,8.58014,8.58137,1.00,1.00
2017.04.20 13:07:39.813,8.58014,8.58126,1.00,1.00
2017.04.20 13:07:39.914,8.57997,8.58126,1.00,1.00
2017.04.20 13:07:40.168,8.57997,8.5813,1.00,1.00
2017.04.20 13:07:40.320,8.58013,8.58136,1.00,1.00
2017.04.20 13:07:40.832,8.58013,8.58121,1.00,1.00
2017.04.20 13:07:40.984,8.57998,8.58121,1.00,1.00
2017.04.20 13:07:41.136,8.57998,8.58114,1.00,1.00
2017.04.20 13:07:41.504,8.57998,8.58126,1.00,1.00
2017.04.20 13:07:42.203,8.57998,8.58129,1.00,1.50
2017.04.20 13:07:42.355,8.58001,8.58129,1.00,1.00
2017.04.20 13:07:42.658,8.58021,8.58141,1.00,1.00
2017.04.20 13:07:44.138,8.58021,8.58135,1.00,1.00
2017.04.20 13:07:44.442,8.57997,8.5811,1.00,1.00
2017.04.20 13:07:46.505,8.57997,8.58111,1.00,1.00
2017.04.20 13:07:47.956,8.57997,8.58108,1.00,1.00
2017.04.20 13:07:51.002,8.57997,8.58112,1.00,1.00
2017.04.20 13:07:53.344,8.57997,8.58121,1.00,1.00
2017.04.20 13:07:53.395,8.57997,8.5813,1.00,1.00
2017.04.20 13:07:53.649,8.58017,8.58135,1.00,1.00
2017.04.20 13:07:53.762,8.58017,8.5815,1.00,1.50
2017.04.20 13:07:53.864,8.58021,8.5815,1.00,1.00
2017.04.20 13:07:54.017,8.58033,8.58164,1.00,1.00
2017.04.20 13:07:54.118,8.5804,8.58166,1.00,1.00
2017.04.20 13:07:54.341,8.58059,8.58192,1.00,1.50
2017.04.20 13:07:54.588,8.58061,8.58192,1.00,1.00
2017.04.20 13:07:54.640,8.5808,8.58213,1.00,1.00
2017.04.20 13:07:54.691,8.58086,8.58213,1.00,1.00
2017.04.20 13:07:54.843,8.58078,8.58211,1.00,1.00
2017.04.20 13:07:55.045,8.58083,8.58211,1.00,1.00
2017.04.20 13:07:55.363,8.58097,8.58228,1.00,1.00
2017.04.20 13:07:55.414,8.58114,8.58228,1.00,1.00
2017.04.20 13:07:55.465,8.58111,8.58228,1.00,1.00
2017.04.20 13:07:55.691,8.58123,8.58246,1.00,1.00
2017.04.20 13:07:55.742,8.58136,8.58265,1.00,1.00
2017.04.20 13:07:55.944,8.58136,8.58248,1.00,1.00
2017.04.20 13:07:56.121,8.58112,8.58245,1.00,1.00
2017.04.20 13:07:57.372,8.58112,8.58231,1.00,1.00
2017.04.20 13:07:57.719,8.58112,8.58216,1.00,1.00
2017.04.20 13:07:57.770,8.58088,8.58216,1.00,1.00
2017.04.20 13:07:58.460,8.58088,8.58215,1.00,1.00
2017.04.20 13:07:58.913,8.58088,8.58221,1.00,1.00
2017.04.20 13:07:59.015,8.58105,8.58236,1.00,1.00
2017.04.20 13:07:59.335,8.58129,8.58252,1.00,1.00
2017.04.20 13:07:59.926,8.58129,8.58243,1.00,1.00
2017.04.20 13:08:01.802,8.58129,8.5825,1.00,1.00
2017.04.20 13:08:01.954,8.58129,8.58244,1.00,1.00
2017.04.20 13:08:02.260,8.58112,8.58244,1.00,1.00
2017.04.20 13:08:02.768,8.58112,8.58245,1.00,1.00
2017.04.20 13:08:04.836,8.58145,8.58245,1.00,1.00
2017.04.20 13:08:05.020,8.58167,8.58279,1.00,1.00
2017.04.20 13:08:05.071,8.58171,8.58303,1.00,1.00
2017.04.20 13:08:05.122,8.58183,8.58303,1.00,1.00
2017.04.20 13:08:05.443,8.58208,8.58303,1.00,1.00
2017.04.20 13:08:05.494,8.58208,8.58338,1.00,1.00
2017.04.20 13:08:05.545,8.58224,8.58349,1.00,1.00
2017.04.20 13:08:06.284,8.58224,8.58357,1.00,1.00
2017.04.20 13:08:06.335,8.58255,8.58357,1.00,1.00
2017.04.20 13:08:06.497,8.58255,8.58374,1.00,1.00
2017.04.20 13:08:06.548,8.58274,8.58398,1.00,1.00
2017.04.20 13:08:07.365,8.58274,8.58407,1.00,1.00
2017.04.20 13:08:10.871,8.58291,8.58412,1.00,1.00
2017.04.20 13:08:11.713,8.58291,8.58416,1.00,1.00
2017.04.20 13:08:12.715,8.58291,8.58412,1.00,1.00
2017.04.20 13:08:14.452,8.58291,8.58377,1.00,1.00
2017.04.20 13:08:14.553,8.58242,8.58353,1.00,1.00
2017.04.20 13:08:14.676,8.58242,8.58368,1.00,1.00
2017.04.20 13:08:15.724,8.58247,8.58368,1.00,1.00
2017.04.20 13:08:16.027,8.58262,8.5838,1.00,1.00
2017.04.20 13:08:16.078,8.58246,8.58378,1.00,1.00
2017.04.20 13:08:17.913,8.58255,8.58378,1.00,1.00
2017.04.20 13:08:17.964,8.58263,8.58393,1.00,1.00
2017.04.20 13:08:18.765,8.58263,8.58388,1.00,1.00
2017.04.20 13:08:19.069,8.58263,8.58379,1.00,1.00
2017.04.20 13:08:19.402,8.58263,8.58339,1.00,1.00
2017.04.20 13:08:19.579,8.58218,8.58339,1.00,1.00
2017.04.20 13:08:23.980,8.58218,8.58332,1.00,1.00
2017.04.20 13:08:24.313,8.58218,8.58312,1.00,1.00
2017.04.20 13:08:25.161,8.58218,8.5833,1.00,1.00
2017.04.20 13:08:25.692,8.58218,8.58331,1.00,1.00
2017.04.20 13:08:26.094,8.58218,8.58337,1.00,1.00
2017.04.20 13:08:26.947,8.58218,8.5835,1.00,1.00
2017.04.20 13:08:27.099,8.58238,8.58368,1.00,1.00
2017.04.20 13:08:27.518,8.58238,8.58347,1.00,1.00
2017.04.20 13:08:27.801,8.58217,8.58333,1.00,1.00
2017.04.20 13:08:27.852,8.58207,8.58333,1.00,1.00
2017.04.20 13:08:28.515,8.58207,8.58335,1.00,1.00
2017.04.20 13:08:29.422,8.58231,8.58335,1.00,1.00
2017.04.20 13:08:29.495,8.58231,8.58339,1.00,1.00
2017.04.20 13:08:30.522,8.58231,8.58332,1.00,1.00
2017.04.20 13:08:30.624,8.58215,8.58332,1.00,1.00
2017.04.20 13:08:31.489,8.58215,8.58334,1.00,1.00
2017.04.20 13:08:31.982,8.58215,8.58324,1.00,1.00
2017.04.20 13:08:32.134,8.58197,8.58324,1.00,1.00
2017.04.20 13:08:32.847,8.58197,8.58328,1.00,1.00
2017.04.20 13:08:33.535,8.58197,8.58322,1.00,1.00
2017.04.20 13:08:34.679,8.58197,8.58326,1.00,1.00
2017.04.20 13:08:35.536,8.58197,8.58321,1.00,1.00
2017.04.20 13:08:35.911,8.58197,8.58328,1.00,1.00
2017.04.20 13:08:36.160,8.58213,8.58332,1.00,1.00
2017.04.20 13:08:37.248,8.58213,8.5832,1.00,1.00
2017.04.20 13:08:37.350,8.58197,8.5832,1.00,1.00
2017.04.20 13:08:37.699,8.58197,8.5831,1.00,1.00
2017.04.20 13:08:38.003,8.58197,8.58299,1.00,1.00
2017.04.20 13:08:38.986,8.58197,8.583,1.00,1.00
2017.04.20 13:08:39.988,8.58197,8.58299,1.00,1.00
2017.04.20 13:08:40.784,8.58197,8.58316,1.00,1.00
2017.04.20 13:08:40.969,8.58214,8.58327,1.00,1.00
2017.04.20 13:08:41.898,8.58214,8.58332,1.00,1.00
2017.04.20 13:08:41.951,8.58214,8.58327,1.00,1.00
2017.04.20 13:08:44.289,8.58214,8.58332,1.00,1.00
2017.04.20 13:08:44.447,8.58197,8.5833,1.00,1.00
2017.04.20 13:08:45.622,8.58197,8.58321,1.00,1.00
2017.04.20 13:08:45.673,8.58178,8.58308,1.00,1.00
2017.04.20 13:08:46.056,8.58175,8.58308,1.00,1.00
2017.04.20 13:08:47.675,8.58175,8.58302,1.00,1.00
2017.04.20 13:08:48.189,8.58175,8.58308,1.00,1.00
2017.04.20 13:08:48.839,8.58179,8.58308,1.00,1.00
2017.04.20 13:08:49.992,8.58191,8.58308,1.00,1.00
2017.04.20 13:08:50.043,8.58202,8.58331,1.00,1.00
2017.04.20 13:08:50.094,8.58211,8.58331,1.00,1.00
2017.04.20 13:08:50.195,8.5824,8.5837,1.00,1.00
2017.04.20 13:08:50.246,8.58271,8.58404,1.00,1.00
2017.04.20 13:08:50.421,8.58271,8.584,1.00,1.00
2017.04.20 13:08:50.472,8.58271,8.58404,1.00,1.00
2017.04.20 13:08:50.674,8.58268,8.58388,1.00,1.00
2017.04.20 13:08:51.146,8.58257,8.58388,1.00,1.00
2017.04.20 13:08:51.247,8.58266,8.58388,1.00,1.00
2017.04.20 13:08:51.424,8.58266,8.58394,1.00,1.00
2017.04.20 13:08:51.475,8.58264,8.58394,1.00,1.00
2017.04.20 13:08:52.824,8.58264,8.58389,1.00,1.00
2017.04.20 13:08:52.977,8.58239,8.58369,1.00,1.00
2017.04.20 13:08:53.331,8.58239,8.58367,1.00,1.00
2017.04.20 13:08:53.708,8.58239,8.58369,1.00,1.00
2017.04.20 13:08:53.813,8.58258,8.58379,1.00,1.00
2017.04.20 13:08:54.751,8.58258,8.58375,1.00,1.00
2017.04.20 13:08:54.857,8.58242,8.58375,1.00,1.50
2017.04.20 13:08:54.959,8.58242,8.58354,1.00,1.00
2017.04.20 13:08:55.296,8.58221,8.58344,1.00,1.00
2017.04.20 13:08:55.348,8.58221,8.58353,1.00,1.00
2017.04.20 13:08:55.449,8.58253,8.58362,1.00,1.00
2017.04.20 13:08:55.551,8.58237,8.58362,1.00,1.00
2017.04.20 13:08:55.753,8.58237,8.5837,1.00,1.00
2017.04.20 13:08:55.854,8.58231,8.58353,1.00,1.00
2017.04.20 13:08:56.543,8.5822,8.58353,1.00,1.00
2017.04.20 13:08:57.928,8.58221,8.58353,1.00,1.00
2017.04.20 13:08:57.979,8.58242,8.58353,1.00,1.00
2017.04.20 13:08:58.080,8.58244,8.58377,1.00,1.00
2017.04.20 13:08:58.303,8.58244,8.58372,1.00,1.00
2017.04.20 13:08:59.071,8.58229,8.5836,1.00,1.00
2017.04.20 13:08:59.268,8.58227,8.5836,1.00,1.00
2017.04.20 13:09:00.789,8.58228,8.5836,1.00,1.00
2017.04.20 13:09:01.010,8.58243,8.5837,1.00,1.00
2017.04.20 13:09:01.329,8.58283,8.58404,1.00,1.00
2017.04.20 13:09:01.574,8.58267,8.58399,1.00,1.00
2017.04.20 13:09:02.789,8.58284,8.58389,1.00,1.00
2017.04.20 13:09:03.275,8.58267,8.58389,1.00,1.00
2017.04.20 13:09:03.427,8.58267,8.58383,1.00,1.00
2017.04.20 13:09:05.211,8.58267,8.58388,1.00,1.00
2017.04.20 13:09:05.363,8.58267,8.58369,1.00,1.00
2017.04.20 13:09:05.413,8.58251,8.58369,1.00,1.00
2017.04.20 13:09:06.220,8.58251,8.58377,1.00,1.00
2017.04.20 13:09:06.656,8.58251,8.58365,1.00,1.00
2017.04.20 13:09:06.707,8.58251,8.58375,1.00,1.00
2017.04.20 13:09:06.859,8.58251,8.58362,1.00,1.00
2017.04.20 13:09:07.011,8.58234,8.58362,1.00,1.00
2017.04.20 13:09:07.859,8.58234,8.58361,1.00,1.00
2017.04.20 13:09:08.110,8.58235,8.58367,1.00,1.00
2017.04.20 13:09:08.211,8.58259,8.58375,1.00,1.00
2017.04.20 13:09:08.312,8.58259,8.58383,1.00,1.00
2017.04.20 13:09:09.278,8.58259,8.58379,1.00,1.00
2017.04.20 13:09:10.817,8.58259,8.5839,1.00,1.00
2017.04.20 13:09:11.583,8.58269,8.5839,1.00,1.00
2017.04.20 13:09:11.634,8.58274,8.58407,1.00,1.00
2017.04.20 13:09:11.836,8.58274,8.58404,1.00,1.00
2017.04.20 13:09:12.156,8.58261,8.58391,1.00,1.00
2017.04.20 13:09:12.835,8.58258,8.58391,1.00,1.00
2017.04.20 13:09:15.081,8.58258,8.58375,1.00,1.00
2017.04.20 13:09:15.411,8.58258,8.58364,1.00,1.00
2017.04.20 13:09:16.132,8.58258,8.58365,1.00,1.00
2017.04.20 13:09:17.064,8.58258,8.58359,1.00,1.00
2017.04.20 13:09:17.165,8.58239,8.58349,1.50,1.00
2017.04.20 13:09:17.267,8.58239,8.58359,1.00,1.00
2017.04.20 13:09:17.943,8.58239,8.5835,1.00,1.00
2017.04.20 13:09:18.044,8.58219,8.58338,1.00,1.00
2017.04.20 13:09:18.095,8.58215,8.58338,1.00,1.00
2017.04.20 13:09:18.348,8.58215,8.58346,1.00,1.00
2017.04.20 13:09:18.449,8.58231,8.58347,1.00,1.00
2017.04.20 13:09:18.932,8.58231,8.58357,1.00,1.00
2017.04.20 13:09:19.585,8.58231,8.58362,1.00,1.00
2017.04.20 13:09:21.003,8.58231,8.58357,1.00,1.00
2017.04.20 13:09:21.205,8.58231,8.58361,1.00,1.00
2017.04.20 13:09:22.133,8.58231,8.58347,1.00,1.00
2017.04.20 13:09:22.335,8.58231,8.58353,1.00,1.00
2017.04.20 13:09:22.386,8.58211,8.58339,1.50,1.00
2017.04.20 13:09:22.694,8.58239,8.58353,1.00,1.00
2017.04.20 13:09:23.149,8.58239,8.58364,1.00,1.00
2017.04.20 13:09:23.762,8.58219,8.58345,1.00,1.00
2017.04.20 13:09:23.814,8.58215,8.58355,1.50,1.00
2017.04.20 13:09:23.988,8.58203,8.5833,1.00,1.00
2017.04.20 13:09:24.039,8.582,8.5833,1.00,1.00
2017.04.20 13:09:25.022,8.582,8.58329,1.00,1.00
2017.04.20 13:09:25.259,8.582,8.58323,1.00,1.00
2017.04.20 13:09:26.135,8.582,8.58321,1.00,1.00
2017.04.20 13:09:26.574,8.58183,8.58315,1.00,1.00
2017.04.20 13:09:27.940,8.58183,8.58311,1.00,1.00
2017.04.20 13:09:28.466,8.58183,8.58298,1.00,1.00
2017.04.20 13:09:29.462,8.58183,8.58294,1.00,1.00
2017.04.20 13:09:31.605,8.58183,8.58292,1.00,1.00
2017.04.20 13:09:32.644,8.58183,8.58294,1.00,1.00
2017.04.20 13:09:32.897,8.58183,8.58289,1.00,1.00
2017.04.20 13:09:33.004,8.58164,8.58289,1.00,1.00
2017.04.20 13:09:33.469,8.58163,8.58275,1.00,1.00
2017.04.20 13:09:33.757,8.5814,8.58259,1.00,1.00
2017.04.20 13:09:33.860,8.5814,8.58251,1.00,1.00
2017.04.20 13:09:34.346,8.5814,8.58247,1.00,1.00
2017.04.20 13:09:34.811,8.5814,8.58263,1.00,1.00
2017.04.20 13:09:34.913,8.5814,8.58271,1.00,1.00
2017.04.20 13:09:35.065,8.58171,8.58275,1.00,1.00
2017.04.20 13:09:35.348,8.58171,8.58285,1.00,1.00
2017.04.20 13:09:37.308,8.58155,8.58272,1.00,1.00
2017.04.20 13:09:37.582,8.58155,8.58265,1.00,1.00
2017.04.20 13:09:38.143,8.58155,8.58278,1.00,1.00
2017.04.20 13:09:38.245,8.58155,8.58274,1.00,1.00
2017.04.20 13:09:38.407,8.58155,8.58282,1.00,1.00
2017.04.20 13:09:38.559,8.58172,8.58282,1.00,1.00
2017.04.20 13:09:39.106,8.58172,8.58293,1.00,1.00
2017.04.20 13:09:40.109,8.58172,8.58294,1.00,1.00
2017.04.20 13:09:40.526,8.58172,8.58287,1.00,1.00
2017.04.20 13:09:41.074,8.58172,8.58279,1.00,1.00
2017.04.20 13:09:41.175,8.58155,8.58279,1.00,1.00
2017.04.20 13:09:41.848,8.58155,8.58271,1.00,1.00
2017.04.20 13:09:42.018,8.58139,8.58269,1.00,1.00
2017.04.20 13:09:42.840,8.58139,8.58262,1.00,1.00
2017.04.20 13:09:43.715,8.58144,8.58272,1.00,1.00
2017.04.20 13:09:43.767,8.58163,8.58286,1.00,1.00
2017.04.20 13:09:44.088,8.58163,8.58262,1.00,1.00
2017.04.20 13:09:44.290,8.58139,8.58262,1.00,1.00
2017.04.20 13:09:45.134,8.58139,8.58261,1.00,1.00
2017.04.20 13:09:45.622,8.58139,8.58254,1.00,1.00
2017.04.20 13:09:46.003,8.58139,8.58262,1.00,1.00
2017.04.20 13:09:46.054,8.58139,8.58272,1.00,1.00
2017.04.20 13:09:46.106,8.58149,8.58272,1.00,1.00
2017.04.20 13:09:46.258,8.58163,8.58291,1.00,1.00
2017.04.20 13:09:46.608,8.58163,8.58296,1.00,1.00
2017.04.20 13:09:47.616,8.58163,8.5829,1.00,1.00
2017.04.20 13:09:49.903,8.58163,8.58295,1.00,1.00
2017.04.20 13:09:51.202,8.58163,8.58279,1.00,1.00
2017.04.20 13:09:51.512,8.58146,8.58258,1.00,1.00
2017.04.20 13:09:52.147,8.58146,8.58264,1.00,1.00
2017.04.20 13:09:53.357,8.58146,8.58265,1.00,1.00
2017.04.20 13:09:54.359,8.58146,8.58264,1.00,1.00
2017.04.20 13:09:55.359,8.58146,8.58267,1.00,1.00
2017.04.20 13:09:55.460,8.58146,8.5826,1.00,1.00
2017.04.20 13:09:55.620,8.58131,8.5826,1.00,1.00
2017.04.20 13:09:56.438,8.58131,8.58256,1.00,1.00
2017.04.20 13:09:58.848,8.58136,8.58262,1.00,1.00
2017.04.20 13:09:58.899,8.58147,8.58262,1.00,1.00
2017.04.20 13:09:59.000,8.58133,8.58262,1.00,1.00
2017.04.20 13:09:59.051,8.58131,8.58262,1.00,1.50
2017.04.20 13:09:59.101,8.58155,8.58262,1.00,1.00
2017.04.20 13:09:59.203,8.58131,8.58261,1.00,1.00
2017.04.20 13:10:00.066,8.58131,8.58258,1.00,1.00
2017.04.20 13:10:00.369,8.58137,8.58261,1.00,1.00
2017.04.20 13:10:01.188,8.58131,8.58261,1.00,1.00
2017.04.20 13:10:01.239,8.58131,8.58251,1.00,1.00
2017.04.20 13:10:02.020,8.58131,8.58241,1.00,1.00
2017.04.20 13:10:03.116,8.58131,8.5824,1.00,1.00
2017.04.20 13:10:03.503,8.58131,8.58235,1.00,1.00
2017.04.20 13:10:03.807,8.58113,8.58235,1.00,1.00
2017.04.20 13:10:04.014,8.58113,8.58231,1.00,1.00
2017.04.20 13:10:05.711,8.58113,8.58226,1.00,1.00
2017.04.20 13:10:06.049,8.58115,8.58246,1.00,1.00
2017.04.20 13:10:06.150,8.58139,8.5826,1.00,1.00
2017.04.20 13:10:06.201,8.58139,8.5827,1.00,1.00
2017.04.20 13:10:06.302,8.58139,8.58252,1.00,1.00
2017.04.20 13:10:06.605,8.58131,8.58241,1.00,1.00
2017.04.20 13:10:07.846,8.58131,8.58234,1.00,1.00
2017.04.20 13:10:08.105,8.58131,8.58264,1.00,1.00
2017.04.20 13:10:08.156,8.58131,8.58258,1.00,1.00
2017.04.20 13:10:08.711,8.58131,8.58264,1.00,1.00
2017.04.20 13:10:09.073,8.58147,8.5827,1.00,1.00
2017.04.20 13:10:09.692,8.58147,8.58272,1.00,1.00
2017.04.20 13:10:10.511,8.58156,8.58278,1.00,1.00
2017.04.20 13:10:10.764,8.58207,8.5834,1.00,1.00
2017.04.20 13:10:10.815,8.58219,8.5834,1.00,1.00
2017.04.20 13:10:11.149,8.58239,8.58346,1.00,1.00
2017.04.20 13:10:11.704,8.58239,8.58344,1.00,1.00
2017.04.20 13:10:13.212,8.58239,8.5833,1.00,1.00
2017.04.20 13:10:13.548,8.58239,8.58317,1.00,1.00
2017.04.20 13:10:14.457,8.58239,8.58321,1.00,1.00
2017.04.20 13:10:15.451,8.58239,8.58322,1.00,1.00
2017.04.20 13:10:15.712,8.58239,8.58317,1.00,1.00
2017.04.20 13:10:16.194,8.58239,8.58325,1.00,1.00
2017.04.20 13:10:16.788,8.58239,8.58322,1.00,1.00
2017.04.20 13:10:17.272,8.58239,8.58327,1.00,1.00
2017.04.20 13:10:17.373,8.58239,8.58346,1.00,1.00
2017.04.20 13:10:18.042,8.58239,8.5833,1.00,1.00
2017.04.20 13:10:19.044,8.58239,8.58343,1.00,1.00
2017.04.20 13:10:19.474,8.58239,8.58331,1.00,1.00
2017.04.20 13:10:19.525,8.58239,8.58342,1.00,1.00
2017.04.20 13:10:20.336,8.58239,8.58355,1.00,1.00
2017.04.20 13:10:20.639,8.58239,8.5835,1.00,1.00
2017.04.20 13:10:21.474,8.58239,8.58345,1.00,1.00
2017.04.20 13:10:21.577,8.5822,8.5833,1.00,1.00
2017.04.20 13:10:22.441,8.5822,8.58323,1.00,1.00
2017.04.20 13:10:23.043,8.5822,8.58316,1.00,1.00
2017.04.20 13:10:23.371,8.58203,8.58316,1.00,1.00
2017.04.20 13:10:23.533,8.58203,8.5831,1.00,1.00
2017.04.20 13:10:24.558,8.58203,8.58316,1.00,1.00
2017.04.20 13:10:25.530,8.58203,8.58311,1.00,1.00
2017.04.20 13:10:25.723,8.58203,8.58317,1.00,1.00
2017.04.20 13:10:28.170,8.58203,8.58311,1.00,1.00
2017.04.20 13:10:28.557,8.58203,8.58307,1.00,1.00
2017.04.20 13:10:28.810,8.58185,8.58299,1.00,1.00
2017.04.20 13:10:29.013,8.58202,8.58299,1.00,1.00
2017.04.20 13:10:29.161,8.58202,8.58307,1.00,1.00
2017.04.20 13:10:29.803,8.58202,8.58312,1.00,1.00
2017.04.20 13:10:30.298,8.58202,8.58319,1.00,1.00
2017.04.20 13:10:30.349,8.58202,8.58309,1.00,1.00
2017.04.20 13:10:30.601,8.58185,8.58305,1.00,1.00
2017.04.20 13:10:31.260,8.58185,8.58317,1.00,1.00
2017.04.20 13:10:31.362,8.58192,8.58317,1.00,1.00
2017.04.20 13:10:31.674,8.58211,8.58324,1.00,1.00
2017.04.20 13:10:31.997,8.58188,8.58298,1.00,1.00
2017.04.20 13:10:32.785,8.58188,8.58294,1.00,1.00
2017.04.20 13:10:33.160,8.58188,8.58288,1.00,1.00
2017.04.20 13:10:33.464,8.58188,8.58276,1.00,1.00
2017.04.20 13:10:34.132,8.58188,8.58269,1.00,1.00
2017.04.20 13:10:35.224,8.58188,8.58266,1.00,1.00
2017.04.20 13:10:35.752,8.58188,8.5827,1.00,1.00
2017.04.20 13:10:36.703,8.58167,8.5827,1.50,1.00
2017.04.20 13:10:36.956,8.58167,8.58266,1.00,1.00
2017.04.20 13:10:37.007,8.58167,8.58271,1.00,1.00
2017.04.20 13:10:38.441,8.58167,8.58266,1.00,1.00
2017.04.20 13:10:38.492,8.58167,8.58271,1.00,1.00
2017.04.20 13:10:39.678,8.58167,8.58263,1.00,1.00
2017.04.20 13:10:40.485,8.58167,8.5827,1.00,1.00
2017.04.20 13:10:41.315,8.58167,8.58264,1.00,1.00
2017.04.20 13:10:41.568,8.58133,8.5824,1.00,1.00
2017.04.20 13:10:42.566,8.58133,8.58241,1.00,1.00
2017.04.20 13:10:43.522,8.58133,8.5824,1.00,1.00
2017.04.20 13:10:43.916,8.58133,8.58245,1.00,1.00
2017.04.20 13:10:44.523,8.58133,8.5824,1.00,1.00
2017.04.20 13:10:44.931,8.58133,8.58229,1.00,1.00
2017.04.20 13:10:45.436,8.58133,8.58245,1.00,1.00
2017.04.20 13:10:45.588,8.58133,8.58236,1.00,1.00
2017.04.20 13:10:46.750,8.58133,8.58234,1.00,1.00
2017.04.20 13:10:47.119,8.58133,8.58226,1.00,1.00
2017.04.20 13:10:47.230,8.58133,8.58232,1.00,1.00
2017.04.20 13:10:48.091,8.58133,8.58238,1.00,1.00
2017.04.20 13:10:49.799,8.58133,8.58231,1.00,1.00
2017.04.20 13:10:50.825,8.58133,8.58228,1.00,1.00
2017.04.20 13:10:54.256,8.58133,8.5822,1.00,1.00
2017.04.20 13:10:54.627,8.58133,8.58201,1.00,1.00
2017.04.20 13:10:54.678,8.58115,8.58201,1.00,1.00
2017.04.20 13:10:54.779,8.58095,8.58201,1.00,1.00
2017.04.20 13:10:54.830,8.58083,8.58201,1.00,1.00
2017.04.20 13:10:55.599,8.58083,8.58197,1.00,1.00
2017.04.20 13:10:56.404,8.58083,8.58202,1.00,1.00
2017.04.20 13:10:56.454,8.581,8.58202,1.00,1.00
2017.04.20 13:10:57.322,8.581,8.58196,1.00,1.00
2017.04.20 13:10:57.530,8.581,8.58201,1.00,1.00
2017.04.20 13:10:57.897,8.58085,8.58201,1.00,1.00
2017.04.20 13:10:58.315,8.58085,8.58194,1.00,1.00
2017.04.20 13:10:58.713,8.58085,8.58189,1.00,1.00
2017.04.20 13:11:00.427,8.58085,8.58207,1.00,1.00
2017.04.20 13:11:00.579,8.58103,8.58207,1.00,1.00
2017.04.20 13:11:01.330,8.58103,8.58216,1.00,1.00
2017.04.20 13:11:02.234,8.58103,8.58211,1.00,1.00
2017.04.20 13:11:02.558,8.58103,8.58204,1.00,1.00
2017.04.20 13:11:02.888,8.58099,8.58196,1.00,1.00
2017.04.20 13:11:03.040,8.58094,8.58196,1.37,1.00
2017.04.20 13:11:03.091,8.58094,8.58226,1.37,1.00
2017.04.20 13:11:03.193,8.5811,8.58236,1.00,1.00
2017.04.20 13:11:03.611,8.58125,8.58236,1.00,1.00
2017.04.20 13:11:03.858,8.58125,8.58248,1.00,1.00
2017.04.20 13:11:03.909,8.58125,8.58258,1.00,1.50
2017.04.20 13:11:04.213,8.58132,8.58258,1.00,1.00
2017.04.20 13:11:04.365,8.58145,8.58274,1.00,1.00
2017.04.20 13:11:04.894,8.58151,8.58276,1.00,1.00
2017.04.20 13:11:04.995,8.5816,8.58293,1.00,1.50
2017.04.20 13:11:05.097,8.58162,8.58293,1.00,1.00
2017.04.20 13:11:06.063,8.5816,8.58293,1.00,1.00
2017.04.20 13:11:06.491,8.58176,8.58299,1.00,1.00
2017.04.20 13:11:06.541,8.58176,8.58309,1.00,1.50
2017.04.20 13:11:07.053,8.58183,8.58309,1.00,1.00
2017.04.20 13:11:07.356,8.58199,8.58314,1.00,1.00
2017.04.20 13:11:07.864,8.58199,8.5833,1.00,1.00
2017.04.20 13:11:09.318,8.58199,8.58325,1.00,1.00
2017.04.20 13:11:09.752,8.58222,8.58347,1.50,1.00
2017.04.20 13:11:10.123,8.58241,8.58361,1.00,1.00
2017.04.20 13:11:12.836,8.58241,8.58363,1.00,1.00
2017.04.20 13:11:13.357,8.58241,8.58373,1.00,1.00
2017.04.20 13:11:15.374,8.58241,8.58374,1.00,1.50
2017.04.20 13:11:16.809,8.58241,8.58373,1.00,1.00
2017.04.20 13:11:20.320,8.58241,8.58353,1.00,1.00
2017.04.20 13:11:20.623,8.58219,8.58335,1.00,1.00
2017.04.20 13:11:21.410,8.58219,8.58341,1.00,1.00
2017.04.20 13:11:21.911,8.58235,8.58341,1.00,1.00
2017.04.20 13:11:22.440,8.58235,8.5834,1.00,1.00
2017.04.20 13:11:22.876,8.58235,8.58335,1.00,1.00
2017.04.20 13:11:24.334,8.58235,8.58339,1.00,1.00
2017.04.20 13:11:24.637,8.58215,8.58339,1.00,1.00
2017.04.20 13:11:24.688,8.58211,8.58339,1.00,1.00
2017.04.20 13:11:24.739,8.58227,8.58339,1.00,1.00
2017.04.20 13:11:25.362,8.58227,8.58335,1.00,1.00
2017.04.20 13:11:26.284,8.58227,8.58346,1.00,1.00
2017.04.20 13:11:26.335,8.58235,8.58346,1.00,1.00
2017.04.20 13:11:26.437,8.58227,8.58346,1.00,1.00
2017.04.20 13:11:27.244,8.58227,8.58341,1.00,1.00
2017.04.20 13:11:31.209,8.58227,8.58303,1.00,1.00
2017.04.20 13:11:31.260,8.58211,8.58303,1.00,1.00
2017.04.20 13:11:31.362,8.58187,8.58287,1.00,1.00
2017.04.20 13:11:31.615,8.58187,8.58302,1.00,1.00
2017.04.20 13:11:31.819,8.58171,8.58302,1.00,1.00
2017.04.20 13:11:32.302,8.58171,8.58292,1.00,1.00
2017.04.20 13:11:32.904,8.58171,8.58293,1.00,1.00
2017.04.20 13:11:33.959,8.58171,8.58273,1.00,1.00
2017.04.20 13:11:34.061,8.58156,8.58281,1.00,1.00
2017.04.20 13:11:34.112,8.58156,8.58289,1.00,1.00
2017.04.20 13:11:34.163,8.5818,8.58305,1.00,1.00
2017.04.20 13:11:34.466,8.58197,8.58305,1.00,1.00
2017.04.20 13:11:34.711,8.58197,8.58319,1.00,1.00
2017.04.20 13:11:34.957,8.58213,8.58319,1.00,1.00
2017.04.20 13:11:35.008,8.58213,8.58329,1.00,1.00
2017.04.20 13:11:35.210,8.58213,8.58334,1.00,1.00
2017.04.20 13:11:35.312,8.58213,8.58344,1.00,1.00
2017.04.20 13:11:35.363,8.58228,8.58345,1.00,1.00
2017.04.20 13:11:35.717,8.58228,8.58354,1.00,1.00
2017.04.20 13:11:36.001,8.58228,8.58344,1.00,1.00
2017.04.20 13:11:36.941,8.58228,8.58352,1.00,1.00
2017.04.20 13:11:39.346,8.58228,8.58353,1.00,1.00
2017.04.20 13:11:39.878,8.58253,8.58365,1.00,1.00
2017.04.20 13:11:40.182,8.58253,8.58372,1.00,1.00
2017.04.20 13:11:40.820,8.58253,8.58364,1.00,1.00
2017.04.20 13:11:41.322,8.58253,8.5837,1.00,1.00
2017.04.20 13:11:41.579,8.58253,8.58359,1.00,1.00
2017.04.20 13:11:42.281,8.58253,8.58363,1.00,1.00
2017.04.20 13:11:42.534,8.58253,8.58358,1.00,1.00
2017.04.20 13:11:42.974,8.58253,8.58348,1.00,1.00
2017.04.20 13:11:43.441,8.58253,8.58355,1.00,1.00
2017.04.20 13:11:44.562,8.58253,8.58353,1.00,1.00
2017.04.20 13:11:44.815,8.58253,8.58359,1.00,1.00
2017.04.20 13:11:45.410,8.58253,8.58355,1.00,1.00
2017.04.20 13:11:46.122,8.58253,8.58363,1.00,1.00
2017.04.20 13:11:46.411,8.58253,8.58358,1.00,1.00
2017.04.20 13:11:48.430,8.58253,8.58355,1.00,1.00
2017.04.20 13:11:51.724,8.58253,8.5836,1.00,1.00
2017.04.20 13:11:53.404,8.58253,8.58353,1.00,1.00
2017.04.20 13:11:53.728,8.58253,8.58362,1.00,1.00
2017.04.20 13:11:54.211,8.58253,8.5835,1.00,1.00
2017.04.20 13:11:55.177,8.58253,8.58354,1.00,1.00
2017.04.20 13:11:56.060,8.58255,8.58354,1.00,1.00
2017.04.20 13:11:56.162,8.58254,8.58368,1.00,1.00
2017.04.20 13:11:56.213,8.58265,8.58368,1.00,1.00
2017.04.20 13:11:56.263,8.58264,8.58378,1.00,1.00
2017.04.20 13:11:56.314,8.58253,8.58378,1.00,1.00
2017.04.20 13:11:56.365,8.58253,8.58364,1.00,1.00
2017.04.20 13:11:56.735,8.58251,8.58364,1.00,1.00
2017.04.20 13:11:56.786,8.58254,8.58364,1.00,1.00
2017.04.20 13:11:56.938,8.58262,8.58376,1.00,1.00
2017.04.20 13:11:56.989,8.58277,8.58376,1.00,1.00
2017.04.20 13:11:57.039,8.58251,8.58376,1.00,1.00
2017.04.20 13:11:57.090,8.58267,8.58356,1.00,1.00
2017.04.20 13:11:57.141,8.58267,8.58361,1.00,1.00
2017.04.20 13:11:57.596,8.58267,8.58381,1.00,1.00
2017.04.20 13:11:57.647,8.58272,8.58381,1.00,1.00
2017.04.20 13:11:57.849,8.58283,8.584,1.00,1.00
2017.04.20 13:11:58.001,8.58294,8.58402,1.00,1.00
2017.04.20 13:11:58.204,8.58282,8.58397,1.00,1.00
2017.04.20 13:11:58.690,8.58282,8.58407,1.00,1.00
2017.04.20 13:11:59.822,8.58282,8.58395,1.00,1.00
2017.04.20 13:11:59.872,8.58282,8.58406,1.00,1.00
2017.04.20 13:12:00.075,8.58282,8.58378,1.00,1.00
2017.04.20 13:12:00.278,8.58299,8.58399,1.00,1.00
2017.04.20 13:12:00.379,8.58278,8.58399,1.37,1.00
2017.04.20 13:12:00.430,8.58278,8.5841,1.37,1.00
2017.04.20 13:12:00.531,8.5829,8.5841,1.00,1.00
2017.04.20 13:12:00.874,8.5828,8.58351,1.00,1.00
2017.04.20 13:12:00.976,8.58241,8.58351,1.00,1.00
2017.04.20 13:12:01.546,8.58241,8.58364,1.00,1.00
2017.04.20 13:12:01.908,8.58264,8.58375,1.00,1.00
2017.04.20 13:12:02.010,8.58304,8.58433,1.00,1.50
2017.04.20 13:12:02.111,8.58323,8.58432,1.00,1.00
2017.04.20 13:12:02.568,8.58323,8.58448,1.00,1.00
2017.04.20 13:12:02.961,8.58323,8.58441,1.00,1.00
2017.04.20 13:12:03.290,8.58342,8.58474,1.00,1.00
2017.04.20 13:12:03.341,8.58351,8.58474,1.00,1.00
2017.04.20 13:12:03.682,8.58326,8.58455,1.75,1.00
2017.04.20 13:12:03.733,8.58334,8.58457,1.37,1.00
2017.04.20 13:12:03.784,8.58342,8.58475,1.37,1.00
2017.04.20 13:12:03.885,8.58367,8.58476,1.00,1.00
2017.04.20 13:12:04.218,8.58367,8.58459,1.00,1.00
2017.04.20 13:12:04.320,8.58351,8.58459,1.00,1.00
2017.04.20 13:12:05.378,8.58351,8.58455,1.00,1.00
2017.04.20 13:12:05.718,8.58351,8.58446,1.00,1.00
2017.04.20 13:12:08.183,8.58351,8.58437,1.00,1.00
2017.04.20 13:12:08.335,8.58328,8.58437,1.00,1.00
2017.04.20 13:12:08.436,8.58328,8.58459,1.00,1.00
2017.04.20 13:12:08.650,8.58341,8.58459,1.00,1.00
2017.04.20 13:12:08.701,8.58354,8.58482,1.00,1.00
2017.04.20 13:12:08.803,8.58376,8.58482,1.37,1.00
2017.04.20 13:12:09.198,8.58401,8.58522,1.00,1.00
2017.04.20 13:12:09.249,8.58401,8.58534,1.50,1.00
2017.04.20 13:12:09.424,8.58404,8.58534,1.00,1.00
2017.04.20 13:12:09.763,8.58401,8.5853,1.50,1.00
2017.04.20 13:12:10.060,8.58402,8.58534,1.00,1.00
2017.04.20 13:12:10.111,8.58404,8.58534,1.00,1.00
2017.04.20 13:12:10.425,8.58453,8.58548,1.00,1.00
2017.04.20 13:12:10.476,8.58453,8.5855,1.00,1.00
2017.04.20 13:12:10.577,8.58421,8.5855,1.00,1.00
2017.04.20 13:12:11.354,8.58421,8.58554,1.00,1.50
2017.04.20 13:12:13.908,8.58421,8.58549,1.00,1.00
2017.04.20 13:12:14.896,8.58421,8.58553,1.00,1.00
2017.04.20 13:12:17.031,8.58421,8.58552,1.00,1.00
2017.04.20 13:12:17.606,8.58421,8.58554,1.00,1.00
2017.04.20 13:12:18.916,8.58421,8.58553,1.00,1.00
2017.04.20 13:12:19.611,8.58421,8.58554,1.00,1.00
2017.04.20 13:12:22.780,8.5846,8.58554,1.00,1.00
2017.04.20 13:12:22.931,8.58477,8.58586,1.00,1.00
2017.04.20 13:12:22.982,8.58478,8.58595,1.00,1.00
2017.04.20 13:12:23.033,8.58482,8.58599,1.00,1.00
2017.04.20 13:12:23.134,8.58493,8.58614,1.00,1.00
2017.04.20 13:12:23.235,8.58495,8.58614,1.00,1.00
2017.04.20 13:12:23.558,8.58509,8.58614,1.12,1.00
2017.04.20 13:12:23.610,8.58509,8.58642,1.12,1.00
2017.04.20 13:12:23.712,8.58512,8.58642,1.00,1.00
2017.04.20 13:12:23.864,8.58528,8.58659,1.00,1.00
2017.04.20 13:12:24.701,8.58528,8.58646,1.00,1.00
2017.04.20 13:12:24.802,8.58528,8.58657,1.00,1.00
2017.04.20 13:12:24.853,8.58535,8.58659,1.00,1.00
2017.04.20 13:12:25.161,8.58545,8.58666,1.00,1.00
2017.04.20 13:12:25.931,8.58561,8.58666,1.00,1.00
2017.04.20 13:12:26.032,8.58546,8.58666,1.00,1.00
2017.04.20 13:12:26.184,8.58546,8.5866,1.00,1.00
2017.04.20 13:12:26.285,8.58546,8.5867,1.00,1.00
2017.04.20 13:12:26.841,8.5854,8.5867,1.00,1.50
2017.04.20 13:12:27.138,8.58534,8.58666,1.00,1.00
2017.04.20 13:12:28.870,8.58545,8.58666,1.00,1.00
2017.04.20 13:12:29.835,8.58545,8.58649,1.00,1.00
2017.04.20 13:12:30.038,8.5852,8.58648,1.00,1.00
2017.04.20 13:12:30.088,8.58528,8.58653,1.00,1.00
2017.04.20 13:12:30.392,8.58542,8.58669,1.00,1.00
2017.04.20 13:12:30.443,8.58554,8.58669,1.00,1.00
2017.04.20 13:12:30.544,8.58554,8.58684,1.50,1.00
2017.04.20 13:12:30.672,8.58569,8.58684,1.00,1.00
2017.04.20 13:12:30.774,8.58577,8.58701,1.00,1.00
2017.04.20 13:12:30.962,8.58577,8.58705,1.00,1.00
2017.04.20 13:12:31.064,8.58594,8.58705,1.00,1.00
2017.04.20 13:12:31.165,8.58594,8.58725,1.00,1.00
2017.04.20 13:12:31.266,8.58612,8.58727,1.00,1.00
2017.04.20 13:12:31.368,8.58625,8.58745,1.00,1.00
2017.04.20 13:12:31.469,8.58614,8.58745,1.00,1.50
2017.04.20 13:12:31.672,8.5863,8.58745,1.00,1.00
2017.04.20 13:12:31.774,8.58615,8.58745,1.00,1.00
2017.04.20 13:12:31.875,8.58631,8.58745,1.00,1.00
2017.04.20 13:12:32.079,8.58631,8.58758,1.00,1.00
2017.04.20 13:12:32.541,8.58651,8.58761,1.00,1.00
2017.04.20 13:12:32.591,8.5867,8.58795,1.00,1.00
2017.04.20 13:12:32.743,8.58665,8.58785,1.00,1.00
2017.04.20 13:12:32.895,8.58653,8.58779,1.00,1.00
2017.04.20 13:12:33.097,8.58653,8.58774,1.00,1.00
2017.04.20 13:12:33.735,8.58653,8.58768,1.00,1.00
2017.04.20 13:12:34.144,8.58653,8.58771,1.00,1.00
2017.04.20 13:12:35.097,8.58653,8.58768,1.00,1.00
2017.04.20 13:12:36.344,8.58653,8.58762,1.00,1.00
2017.04.20 13:12:38.400,8.58653,8.58769,1.00,1.00
2017.04.20 13:12:39.465,8.58653,8.58773,1.00,1.00
2017.04.20 13:12:40.515,8.58653,8.58769,1.00,1.00
2017.04.20 13:12:41.272,8.58653,8.58776,1.00,1.00
2017.04.20 13:12:41.373,8.58677,8.58804,1.00,1.00
2017.04.20 13:12:41.648,8.58698,8.58804,1.00,1.00
2017.04.20 13:12:41.699,8.58698,8.58821,1.00,1.00
2017.04.20 13:12:41.750,8.58705,8.58831,1.00,1.00
2017.04.20 13:12:41.851,8.58717,8.58838,1.00,1.00
2017.04.20 13:12:41.952,8.58725,8.5885,1.00,1.00
2017.04.20 13:12:42.154,8.58735,8.58856,1.00,1.00
2017.04.20 13:12:42.255,8.58754,8.58878,1.00,1.00
2017.04.20 13:12:42.357,8.58763,8.58885,1.00,1.00
2017.04.20 13:12:42.831,8.58768,8.58895,1.00,1.00
2017.04.20 13:12:42.882,8.58779,8.58898,1.00,1.00
2017.04.20 13:12:43.226,8.58797,8.58898,1.00,1.00
2017.04.20 13:12:43.565,8.58797,8.58914,1.00,1.00
2017.04.20 13:12:43.666,8.58818,8.58918,1.00,1.00
2017.04.20 13:12:44.196,8.58802,8.58918,1.00,1.00
2017.04.20 13:12:44.651,8.58802,8.5892,1.00,1.00
2017.04.20 13:12:45.478,8.58818,8.5892,1.00,1.00
2017.04.20 13:12:45.781,8.58818,8.58917,1.00,1.00
2017.04.20 13:12:46.459,8.58818,8.58925,1.00,1.00
2017.04.20 13:12:46.661,8.58818,8.5893,1.00,1.00
2017.04.20 13:12:47.512,8.58818,8.58923,1.00,1.00
2017.04.20 13:12:48.030,8.58818,8.58933,1.00,1.00
2017.04.20 13:12:49.340,8.58818,8.58915,1.00,1.00
2017.04.20 13:12:49.391,8.58793,8.58891,1.00,1.00
2017.04.20 13:12:49.582,8.58773,8.58882,1.12,1.00
2017.04.20 13:12:49.633,8.58749,8.58879,1.37,1.00
2017.04.20 13:12:49.835,8.58749,8.58864,1.00,1.00
2017.04.20 13:12:49.886,8.58724,8.58856,1.00,1.00
2017.04.20 13:12:49.937,8.58724,8.58824,1.00,1.00
2017.04.20 13:12:50.240,8.587,8.58767,1.00,1.00
2017.04.20 13:12:50.291,8.58636,8.58734,1.00,1.00
2017.04.20 13:12:50.440,8.58636,8.58696,1.00,1.00
2017.04.20 13:12:50.491,8.5863,8.5868,1.00,1.00
2017.04.20 13:12:50.542,8.58608,8.58702,1.00,1.00
2017.04.20 13:12:50.593,8.58567,8.58695,1.00,1.00
2017.04.20 13:12:50.644,8.58581,8.58695,1.00,1.00
2017.04.20 13:12:50.947,8.58601,8.58719,1.00,1.00
2017.04.20 13:12:51.049,8.58601,8.58734,1.00,1.00
2017.04.20 13:12:51.353,8.58614,8.58734,1.00,1.00
2017.04.20 13:12:51.597,8.58567,8.587,1.00,1.00
2017.04.20 13:12:52.715,8.58567,8.58679,1.00,1.00
2017.04.20 13:12:52.817,8.58551,8.5867,1.00,1.00
2017.04.20 13:12:52.868,8.58533,8.58665,1.00,1.00
2017.04.20 13:12:53.055,8.58539,8.58665,1.00,1.00
2017.04.20 13:12:53.207,8.5855,8.58681,1.00,1.00
2017.04.20 13:12:53.611,8.5855,8.58666,1.00,1.00
2017.04.20 13:12:54.065,8.5855,8.58661,1.00,1.00
2017.04.20 13:12:54.166,8.5855,8.58663,1.00,1.00
2017.04.20 13:12:54.368,8.5855,8.58674,1.00,1.00
2017.04.20 13:12:54.520,8.58569,8.58674,1.00,1.00
2017.04.20 13:12:54.571,8.58551,8.58674,1.00,1.00
2017.04.20 13:12:55.165,8.58551,8.58681,1.00,1.00
2017.04.20 13:12:55.519,8.58551,8.58671,1.00,1.00
2017.04.20 13:12:56.210,8.58551,8.5867,1.00,1.00
2017.04.20 13:12:56.523,8.58551,8.58681,1.00,1.00
2017.04.20 13:12:57.085,8.58551,8.58682,1.00,1.00
2017.04.20 13:12:59.699,8.58551,8.58676,1.00,1.00
2017.04.20 13:13:00.002,8.58551,8.58682,1.00,1.00
2017.04.20 13:13:00.865,8.58551,8.58679,1.00,1.00
2017.04.20 13:13:01.168,8.58577,8.58661,1.00,1.00
2017.04.20 13:13:01.269,8.58559,8.58661,1.00,1.00
2017.04.20 13:13:01.320,8.58579,8.58694,1.00,1.00
2017.04.20 13:13:01.500,8.58558,8.58691,1.00,1.00
2017.04.20 13:13:01.551,8.58597,8.58691,1.00,1.00
2017.04.20 13:13:01.854,8.58636,8.58711,1.00,1.00
2017.04.20 13:13:01.905,8.58642,8.58747,1.00,1.00
2017.04.20 13:13:02.006,8.58642,8.58753,1.00,1.00
2017.04.20 13:13:02.057,8.58642,8.58765,1.50,1.00
2017.04.20 13:13:02.109,8.58652,8.58765,1.00,1.00
2017.04.20 13:13:02.351,8.58666,8.58783,1.00,1.00
2017.04.20 13:13:02.808,8.58668,8.58801,1.00,1.00
2017.04.20 13:13:03.047,8.58673,8.58801,1.00,1.00
2017.04.20 13:13:03.097,8.58668,8.58801,1.00,1.00
2017.04.20 13:13:03.840,8.58679,8.58801,1.00,1.00
2017.04.20 13:13:04.042,8.58689,8.58817,1.00,1.00
2017.04.20 13:13:04.248,8.58689,8.5882,1.00,1.00
2017.04.20 13:13:04.350,8.58697,8.5882,1.00,1.00
2017.04.20 13:13:04.502,8.58706,8.58839,1.00,1.50
2017.04.20 13:13:05.440,8.58706,8.58837,1.00,1.00
2017.04.20 13:13:06.808,8.58715,8.58839,1.00,1.00
2017.04.20 13:13:06.910,8.58723,8.58856,1.00,1.00
2017.04.20 13:13:06.960,8.58723,8.58851,1.00,1.00
2017.04.20 13:13:07.299,8.58714,8.58799,1.00,1.00
2017.04.20 13:13:07.350,8.58688,8.58819,1.00,1.00
2017.04.20 13:13:07.401,8.58677,8.58802,1.00,1.00
2017.04.20 13:13:07.805,8.58687,8.58819,1.00,1.00
2017.04.20 13:13:08.209,8.58687,8.58814,1.00,1.00
2017.04.20 13:13:09.117,8.58687,8.5882,1.00,1.00
2017.04.20 13:13:10.659,8.58687,8.58819,1.00,1.00
2017.04.20 13:13:12.138,8.58687,8.58809,1.00,1.00
2017.04.20 13:13:13.437,8.58687,8.58804,1.00,1.00
2017.04.20 13:13:14.384,8.58687,8.58803,1.00,1.00
2017.04.20 13:13:15.523,8.58687,8.58808,1.00,1.00
2017.04.20 13:13:16.046,8.58687,8.58813,1.00,1.00
2017.04.20 13:13:16.536,8.58687,8.58807,1.00,1.00
2017.04.20 13:13:17.099,8.58687,8.58794,1.00,1.00
2017.04.20 13:13:17.150,8.58687,8.58803,1.00,1.00
2017.04.20 13:13:17.983,8.58687,8.58806,1.00,1.00
2017.04.20 13:13:18.680,8.58687,8.58819,1.00,1.00
2017.04.20 13:13:18.832,8.58714,8.5884,1.00,1.00
2017.04.20 13:13:19.136,8.58638,8.58691,1.00,1.00
2017.04.20 13:13:19.435,8.58557,8.58661,1.00,1.00
2017.04.20 13:13:19.738,8.58545,8.58661,1.00,1.00
2017.04.20 13:13:19.941,8.58545,8.58678,1.00,1.00
2017.04.20 13:13:20.042,8.58545,8.58664,1.00,1.00
2017.04.20 13:13:20.244,8.58522,8.58646,1.00,1.00
2017.04.20 13:13:20.345,8.58499,8.5863,1.00,1.00
2017.04.20 13:13:20.723,8.58499,8.58622,1.00,1.00
2017.04.20 13:13:20.825,8.58466,8.58599,1.00,1.50
2017.04.20 13:13:21.028,8.58457,8.58583,1.00,1.00
2017.04.20 13:13:21.179,8.5845,8.58583,1.00,1.00
2017.04.20 13:13:23.425,8.58493,8.58583,1.00,1.00
2017.04.20 13:13:23.628,8.58518,8.58648,1.00,1.00
2017.04.20 13:13:23.678,8.58518,8.5865,1.15,1.00
2017.04.20 13:13:23.979,8.58596,8.58728,1.15,1.00
2017.04.20 13:13:24.031,8.58637,8.5874,1.15,1.00
2017.04.20 13:13:24.082,8.58637,8.5874,1.00,1.00
2017.04.20 13:13:24.133,8.58637,8.58765,1.15,1.00
2017.04.20 13:13:24.336,8.58646,8.58769,1.15,1.00
2017.04.20 13:13:24.552,8.58652,8.58774,1.15,1.00
2017.04.20 13:13:24.603,8.58652,8.58785,1.00,1.00
2017.04.20 13:13:24.705,8.58652,8.58785,1.15,1.00
2017.04.20 13:13:24.919,8.58662,8.58785,1.15,1.00
2017.04.20 13:13:24.971,8.58669,8.58802,1.15,1.00
2017.04.20 13:13:25.021,8.58669,8.58802,1.15,1.00
2017.04.20 13:13:25.072,8.58685,8.58812,1.15,1.00
2017.04.20 13:13:25.275,8.58685,8.58812,1.00,1.00
2017.04.20 13:13:25.326,8.58685,8.58818,1.15,1.00
2017.04.20 13:13:25.716,8.58718,8.58826,1.00,1.00
2017.04.20 13:13:25.767,8.58702,8.58827,1.15,1.00
2017.04.20 13:13:26.269,8.58702,8.58834,1.15,1.00
2017.04.20 13:13:26.370,8.58702,8.58834,1.00,1.00
2017.04.20 13:13:26.777,8.5872,8.5885,1.00,1.00
2017.04.20 13:13:27.080,8.5876,8.58873,1.00,1.00
2017.04.20 13:13:27.402,8.5876,8.58882,1.07,1.00
2017.04.20 13:13:27.621,8.5876,8.58893,1.00,1.00
2017.04.20 13:13:27.773,8.5876,8.58893,1.15,1.00
2017.04.20 13:13:27.874,8.58783,8.58904,1.00,1.00
2017.04.20 13:13:27.925,8.58783,8.58893,1.00,1.00
2017.04.20 13:13:28.388,8.58783,8.58891,1.00,1.00
2017.04.20 13:13:29.000,8.58783,8.58888,1.00,1.00
2017.04.20 13:13:29.341,8.58783,8.58888,1.15,1.00
2017.04.20 13:13:29.681,8.58805,8.58892,1.00,1.00
2017.04.20 13:13:29.999,8.58805,8.58898,1.00,1.00
2017.04.20 13:13:30.824,8.58805,8.58898,1.07,1.00
2017.04.20 13:13:30.875,8.58805,8.58903,1.00,1.00
2017.04.20 13:13:31.271,8.58805,8.58906,1.00,1.00
2017.04.20 13:13:31.322,8.58821,8.58929,1.07,1.00
2017.04.20 13:13:31.474,8.58846,8.58929,1.00,1.00
2017.04.20 13:13:31.524,8.58846,8.58937,1.00,1.00
2017.04.20 13:13:32.386,8.58846,8.58932,1.00,1.00
2017.04.20 13:13:32.717,8.58829,8.58909,1.00,1.00
2017.04.20 13:13:32.768,8.58813,8.58909,1.00,1.00
2017.04.20 13:13:32.819,8.58813,8.58919,1.07,1.00
2017.04.20 13:13:33.072,8.58835,8.58919,1.00,1.00
2017.04.20 13:13:33.173,8.58835,8.5893,1.00,1.00
2017.04.20 13:13:33.588,8.58835,8.5893,1.07,1.00
2017.04.20 13:13:33.661,8.58835,8.5893,1.00,1.00
2017.04.20 13:13:33.712,8.58835,8.58918,1.00,1.00
2017.04.20 13:13:33.764,8.58818,8.58918,1.00,1.00
2017.04.20 13:13:33.963,8.58842,8.58941,1.00,1.00
2017.04.20 13:13:34.822,8.58842,8.58946,1.00,1.00
2017.04.20 13:13:35.008,8.58842,8.58956,1.00,1.00
2017.04.20 13:13:35.980,8.58842,8.58943,1.00,1.00
2017.04.20 13:13:36.031,8.58842,8.58946,1.00,1.00
2017.04.20 13:13:36.082,8.58826,8.58955,1.07,1.00
2017.04.20 13:13:36.183,8.58826,8.58955,1.00,1.00
2017.04.20 13:13:36.626,8.58826,8.5894,1.00,1.00
2017.04.20 13:13:37.057,8.58827,8.58931,1.00,1.00
2017.04.20 13:13:37.396,8.5881,8.58931,1.00,1.00
2017.04.20 13:13:37.647,8.5881,8.58926,1.00,1.00
2017.04.20 13:13:37.748,8.5881,8.58936,1.00,1.00
2017.04.20 13:13:37.900,8.5881,8.58936,1.07,1.00
2017.04.20 13:13:38.215,8.58826,8.58945,1.00,1.00
2017.04.20 13:13:39.218,8.58826,8.58946,1.00,1.00
2017.04.20 13:13:39.268,8.58826,8.58955,1.00,1.00
2017.04.20 13:13:39.369,8.58842,8.58955,1.00,1.00
2017.04.20 13:13:40.076,8.58842,8.58966,1.00,1.00
2017.04.20 13:13:40.178,8.58842,8.58954,1.00,1.00
2017.04.20 13:13:40.704,8.58842,8.58944,1.00,1.00
2017.04.20 13:13:40.812,8.58842,8.58956,1.00,1.00
2017.04.20 13:13:40.972,8.58842,8.58944,1.00,1.00
2017.04.20 13:13:41.191,8.58842,8.58956,1.00,1.00
2017.04.20 13:13:41.300,8.58842,8.58944,1.00,1.00
2017.04.20 13:13:41.401,8.58842,8.58975,1.07,1.00
2017.04.20 13:13:41.452,8.58862,8.58975,1.00,1.00
2017.04.20 13:13:41.502,8.58883,8.58998,1.00,1.00
2017.04.20 13:13:41.755,8.58883,8.58984,1.00,1.00
2017.04.20 13:13:42.059,8.58859,8.58919,1.00,1.00
2017.04.20 13:13:42.109,8.58843,8.58919,1.00,1.00
2017.04.20 13:13:42.317,8.58828,8.58919,1.00,1.00
2017.04.20 13:13:42.470,8.58828,8.58909,1.00,1.00
2017.04.20 13:13:42.825,8.58828,8.58905,1.00,1.00
2017.04.20 13:13:42.876,8.58803,8.58892,1.00,1.00
2017.04.20 13:13:42.977,8.58782,8.58892,1.07,1.00
2017.04.20 13:13:43.028,8.58782,8.58909,1.00,1.00
2017.04.20 13:13:43.432,8.58782,8.58898,1.00,1.00
2017.04.20 13:13:43.926,8.58782,8.58883,1.00,1.00
2017.04.20 13:13:44.179,8.58782,8.58889,1.00,1.00
2017.04.20 13:13:44.321,8.58782,8.58901,1.00,1.00
2017.04.20 13:13:44.874,8.58782,8.58901,1.15,1.00
2017.04.20 13:13:44.975,8.58782,8.58901,1.00,1.00
2017.04.20 13:13:45.034,8.58782,8.58901,1.15,1.00
2017.04.20 13:13:45.203,8.58782,8.58905,1.15,1.00
2017.04.20 13:13:45.254,8.5879,8.58905,1.15,1.00
2017.04.20 13:13:45.305,8.58811,8.58905,1.00,1.00
2017.04.20 13:13:45.356,8.58811,8.58912,1.00,1.00
2017.04.20 13:13:45.457,8.58794,8.58912,1.00,1.00
2017.04.20 13:13:45.508,8.58794,8.58912,1.07,1.00
2017.04.20 13:13:46.156,8.58794,8.58906,1.07,1.00
2017.04.20 13:13:46.693,8.58794,8.58906,1.07,1.00
2017.04.20 13:13:46.973,8.58794,8.58925,1.00,1.00
2017.04.20 13:13:47.024,8.58794,8.58927,1.00,1.00
2017.04.20 13:13:47.075,8.58804,8.58927,1.15,1.00
2017.04.20 13:13:47.277,8.58858,8.58962,1.15,1.00
2017.04.20 13:13:47.379,8.58858,8.58967,1.00,1.00
2017.04.20 13:13:47.480,8.58858,8.58967,1.15,1.00
2017.04.20 13:13:47.571,8.58858,8.58967,1.00,1.00
2017.04.20 13:13:48.024,8.58858,8.58962,1.00,1.00
2017.04.20 13:13:48.767,8.58858,8.58956,1.00,1.00
2017.04.20 13:13:48.818,8.58834,8.5895,1.00,1.00
2017.04.20 13:13:49.424,8.58834,8.58957,1.00,1.00
2017.04.20 13:13:49.475,8.58834,8.58947,1.00,1.00
2017.04.20 13:13:49.647,8.5881,8.58931,1.00,1.00
2017.04.20 13:13:49.699,8.5881,8.58919,1.00,1.00
2017.04.20 13:13:50.003,8.58786,8.58907,1.00,1.00
2017.04.20 13:13:50.694,8.58786,8.589,1.00,1.00
2017.04.20 13:13:51.099,8.58786,8.58903,1.00,1.00
2017.04.20 13:13:51.352,8.58786,8.58903,1.17,1.00
2017.04.20 13:13:51.402,8.58786,8.58903,1.00,1.00
2017.04.20 13:13:51.579,8.58786,8.58909,1.00,1.00
2017.04.20 13:13:52.214,8.58786,8.58903,1.00,1.00
2017.04.20 13:13:52.562,8.58786,8.58894,1.07,1.00
2017.04.20 13:13:52.614,8.58786,8.58894,1.00,1.00
2017.04.20 13:13:52.766,8.58786,8.58894,1.07,1.00
2017.04.20 13:13:52.926,8.58786,8.58911,1.07,1.00
2017.04.20 13:13:53.076,8.58786,8.58911,1.00,1.00
2017.04.20 13:13:53.998,8.58786,8.58911,1.07,1.00
2017.04.20 13:13:54.150,8.58786,8.58916,1.00,1.00
2017.04.20 13:13:54.982,8.58786,8.58916,1.15,1.00
2017.04.20 13:13:55.033,8.58786,8.58916,1.00,1.00
2017.04.20 13:13:55.767,8.58786,8.58919,1.15,1.00
2017.04.20 13:13:56.019,8.58812,8.58924,1.00,1.00
2017.04.20 13:13:56.239,8.58812,8.58933,1.00,1.00
2017.04.20 13:13:56.340,8.58812,8.58929,1.00,1.00
2017.04.20 13:14:00.420,8.58792,8.58919,1.07,1.00
2017.04.20 13:14:00.725,8.58787,8.58905,1.07,1.00
2017.04.20 13:14:00.832,8.58787,8.58915,1.07,1.00
2017.04.20 13:14:01.038,8.58787,8.58897,1.07,1.00
2017.04.20 13:14:01.089,8.58787,8.58897,1.00,1.00
2017.04.20 13:14:01.230,8.58771,8.58897,1.15,1.00
2017.04.20 13:14:01.281,8.58771,8.58885,1.15,1.00
2017.04.20 13:14:01.332,8.58771,8.58904,1.07,1.00
2017.04.20 13:14:01.383,8.58771,8.58904,1.15,1.00
2017.04.20 13:14:02.133,8.58771,8.58904,1.15,1.00
2017.04.20 13:14:02.183,8.58771,8.58904,1.15,1.00
2017.04.20 13:14:02.762,8.58771,8.58904,1.15,1.00
2017.04.20 13:14:04.511,8.58771,8.58904,1.07,1.00
2017.04.20 13:14:05.174,8.58771,8.58904,1.07,1.00
2017.04.20 13:14:05.357,8.58771,8.58904,1.07,1.00
2017.04.20 13:14:05.458,8.58771,8.58904,1.00,1.00
2017.04.20 13:14:05.509,8.58771,8.58904,1.15,1.00
2017.04.20 13:14:05.813,8.58771,8.58893,1.00,1.00
2017.04.20 13:14:05.863,8.58771,8.58883,1.00,1.00
2017.04.20 13:14:06.015,8.58764,8.58892,1.15,1.00
2017.04.20 13:14:06.117,8.58764,8.58895,1.15,1.00
2017.04.20 13:14:06.168,8.58764,8.58895,1.00,1.00
2017.04.20 13:14:06.390,8.58764,8.58895,1.15,1.00
2017.04.20 13:14:06.441,8.58764,8.58895,1.00,1.00
2017.04.20 13:14:06.643,8.5878,8.58895,1.15,1.00
2017.04.20 13:14:06.694,8.5878,8.58895,1.00,1.00
2017.04.20 13:14:06.867,8.5878,8.589,1.00,1.00
2017.04.20 13:14:08.292,8.5878,8.589,1.15,1.00
2017.04.20 13:14:08.427,8.5878,8.589,1.00,1.00
2017.04.20 13:14:09.168,8.5878,8.58913,1.00,1.00
2017.04.20 13:14:09.665,8.58797,8.58921,1.00,1.00
2017.04.20 13:14:10.117,8.58781,8.58911,1.00,1.00
2017.04.20 13:14:10.443,8.58788,8.58913,1.00,1.00
2017.04.20 13:14:10.544,8.58797,8.58929,1.00,1.00
2017.04.20 13:14:11.453,8.58797,8.5893,1.00,1.50
2017.04.20 13:14:11.810,8.58797,8.5893,1.15,1.50
2017.04.20 13:14:11.861,8.58797,8.5893,1.00,1.50
2017.04.20 13:14:12.174,8.58797,8.58924,1.00,1.00
2017.04.20 13:14:13.688,8.58797,8.5893,1.00,1.00
2017.04.20 13:14:13.739,8.58821,8.58946,1.00,1.00
2017.04.20 13:14:14.042,8.58845,8.58958,1.00,1.00
2017.04.20 13:14:14.143,8.58845,8.58967,1.00,1.00
2017.04.20 13:14:14.419,8.58845,8.58967,1.07,1.00
2017.04.20 13:14:14.571,8.58845,8.58967,1.00,1.00
2017.04.20 13:14:14.625,8.58845,8.58967,1.07,1.00
2017.04.20 13:14:14.675,8.58845,8.58967,1.00,1.00
2017.04.20 13:14:14.737,8.58845,8.58962,1.00,1.00
2017.04.20 13:14:15.061,8.58845,8.58958,1.00,1.00
2017.04.20 13:14:15.427,8.58829,8.58958,1.00,1.00
2017.04.20 13:14:15.528,8.58813,8.58917,1.00,1.00
2017.04.20 13:14:15.631,8.58793,8.58914,1.00,1.00
2017.04.20 13:14:15.682,8.58797,8.58914,1.00,1.00
2017.04.20 13:14:15.879,8.58805,8.58938,1.00,1.00
2017.04.20 13:14:16.551,8.58805,8.58933,1.00,1.00
2017.04.20 13:14:16.854,8.58827,8.58958,1.00,1.37
2017.04.20 13:14:17.056,8.58827,8.58958,1.00,1.00
2017.04.20 13:14:19.519,8.58827,8.58877,1.00,1.00
2017.04.20 13:14:19.570,8.58807,8.58878,1.00,1.00
2017.04.20 13:14:19.621,8.58784,8.58861,1.00,1.00
2017.04.20 13:14:19.672,8.58747,8.58861,2.32,1.00
2017.04.20 13:14:19.773,8.58781,8.58893,1.00,1.00
2017.04.20 13:14:19.824,8.58781,8.58898,1.00,1.00
2017.04.20 13:14:19.875,8.58775,8.58888,1.00,1.00
2017.04.20 13:14:20.088,8.58737,8.58857,1.00,1.00
2017.04.20 13:14:20.270,8.58731,8.58857,1.00,1.00
2017.04.20 13:14:20.371,8.58745,8.58878,1.00,1.50
