2018.01.10 06:00:00.282,8.10553,8.10793,1.00,1.00
2018.01.10 06:00:00.769,8.10566,8.10815,1.00,1.00
2018.01.10 06:00:01.177,8.10555,8.10803,1.00,1.00
2018.01.10 06:00:01.550,8.10555,8.1079,1.00,1.00
2018.01.10 06:00:02.225,8.10556,8.1079,1.00,1.00
2018.01.10 06:00:02.531,8.10555,8.10788,1.00,1.00
2018.01.10 06:00:03.345,8.10556,8.10788,1.00,1.00
2018.01.10 06:00:04.385,8.10555,8.10788,1.00,1.00
2018.01.10 06:00:06.257,8.10556,8.10788,1.00,1.00
2018.01.10 06:00:06.779,8.10555,8.10788,1.00,1.00
2018.01.10 06:00:07.493,8.10556,8.10788,1.00,1.00
2018.01.10 06:00:08.056,8.10555,8.10788,1.00,1.00
2018.01.10 06:00:09.678,8.10555,8.10788,1.00,1.38
2018.01.10 06:00:09.781,8.10517,8.10758,1.00,1.38
2018.01.10 06:00:09.833,8.10517,8.10758,1.00,1.38
2018.01.10 06:00:09.884,8.10517,8.10753,1.00,1.44
2018.01.10 06:00:09.987,8.10517,8.10753,1.00,1.38
2018.01.10 06:00:10.144,8.10517,8.10753,1.00,1.44
2018.01.10 06:00:11.020,8.10517,8.10753,1.00,1.38
2018.01.10 06:00:11.072,8.10517,8.10753,1.00,1.44
2018.01.10 06:00:12.328,8.10518,8.10753,1.00,1.38
2018.01.10 06:00:12.818,8.10517,8.10753,1.00,1.00
2018.01.10 06:00:13.124,8.10518,8.10756,1.00,1.00
2018.01.10 06:00:13.226,8.10518,8.10766,1.00,1.00
2018.01.10 06:00:13.340,8.1064,8.10797,1.00,1.37
2018.01.10 06:00:13.391,8.10639,8.10844,1.00,1.00
2018.01.10 06:00:13.494,8.106,8.10848,1.50,1.00
2018.01.10 06:00:13.568,8.10679,8.10876,1.00,1.00
2018.01.10 06:00:13.619,8.10639,8.10876,1.00,1.00
2018.01.10 06:00:13.671,8.10651,8.10898,1.50,1.00
2018.01.10 06:00:13.813,8.10661,8.10907,1.00,1.25
2018.01.10 06:00:13.966,8.10675,8.10922,1.00,1.00
2018.01.10 06:00:14.018,8.10688,8.10928,1.00,1.19
2018.01.10 06:00:14.120,8.10688,8.10928,1.00,1.00
2018.01.10 06:00:14.172,8.10676,8.10922,1.00,1.00
2018.01.10 06:00:14.223,8.10668,8.10914,1.00,1.00
2018.01.10 06:00:14.529,8.10664,8.10908,1.00,1.00
2018.01.10 06:00:15.073,8.10663,8.10909,1.00,1.00
2018.01.10 06:00:15.387,8.10654,8.109,1.00,1.00
2018.01.10 06:00:16.987,8.10634,8.10853,1.00,1.19
2018.01.10 06:00:17.039,8.10615,8.10856,1.00,1.38
2018.01.10 06:00:17.090,8.10629,8.10869,1.00,1.00
2018.01.10 06:00:17.142,8.10619,8.10865,1.38,1.00
2018.01.10 06:00:17.193,8.10638,8.10884,1.00,1.38
2018.01.10 06:00:17.499,8.10637,8.10874,1.00,1.00
2018.01.10 06:00:17.768,8.10637,8.10878,1.00,1.00
2018.01.10 06:00:17.819,8.10637,8.1087,1.00,1.00
2018.01.10 06:00:18.279,8.10637,8.1088,1.00,1.00
2018.01.10 06:00:18.446,8.10643,8.10885,1.00,1.00
2018.01.10 06:00:18.692,8.10641,8.10885,1.00,1.00
2018.01.10 06:00:18.743,8.10644,8.1089,1.19,1.00
2018.01.10 06:00:18.795,8.10644,8.1089,1.00,1.00
2018.01.10 06:00:18.846,8.10654,8.10898,1.00,1.44
2018.01.10 06:00:18.948,8.10648,8.10892,1.00,1.00
2018.01.10 06:00:19.101,8.10652,8.10898,1.00,1.00
2018.01.10 06:00:19.306,8.10647,8.10893,1.00,1.00
2018.01.10 06:00:19.927,8.10648,8.10894,1.00,1.00
2018.01.10 06:00:20.528,8.10638,8.10834,1.00,1.00
2018.01.10 06:00:20.579,8.10593,8.10802,1.00,1.00
2018.01.10 06:00:20.631,8.1058,8.10794,1.00,1.00
2018.01.10 06:00:20.682,8.10559,8.10796,1.00,1.25
2018.01.10 06:00:20.734,8.10587,8.10833,1.00,1.38
2018.01.10 06:00:20.785,8.106,8.10842,1.00,1.38
2018.01.10 06:00:20.837,8.10616,8.10862,1.00,1.00
2018.01.10 06:00:20.939,8.10637,8.10876,1.00,1.38
2018.01.10 06:00:21.093,8.10645,8.10887,1.00,1.00
2018.01.10 06:00:21.295,8.10644,8.10875,1.00,1.00
2018.01.10 06:00:21.398,8.10648,8.1089,1.00,1.37
2018.01.10 06:00:21.511,8.10644,8.10883,1.00,1.00
2018.01.10 06:00:21.970,8.10644,8.10871,1.00,1.00
2018.01.10 06:00:22.022,8.10644,8.10874,1.00,1.00
2018.01.10 06:00:22.073,8.10644,8.10866,1.00,1.00
2018.01.10 06:00:23.070,8.10645,8.10866,1.00,1.00
2018.01.10 06:00:23.577,8.10644,8.10865,1.00,1.00
2018.01.10 06:00:24.236,8.10584,8.10815,1.00,1.37
2018.01.10 06:00:24.288,8.10584,8.10795,1.00,1.00
2018.01.10 06:00:24.339,8.10584,8.10798,1.00,1.00
2018.01.10 06:00:24.391,8.10584,8.10814,1.00,1.38
2018.01.10 06:00:24.442,8.10621,8.10861,1.00,1.38
2018.01.10 06:00:24.494,8.10638,8.10883,1.00,1.38
2018.01.10 06:00:24.548,8.10653,8.10898,1.00,1.38
2018.01.10 06:00:24.600,8.10674,8.1092,1.00,1.38
2018.01.10 06:00:24.754,8.10668,8.1091,1.00,1.00
2018.01.10 06:00:25.111,8.10667,8.109,1.00,1.00
2018.01.10 06:00:25.417,8.10667,8.1089,1.00,1.00
2018.01.10 06:00:25.940,8.10668,8.1089,1.00,1.00
2018.01.10 06:00:26.231,8.10667,8.10892,1.00,1.00
2018.01.10 06:00:26.757,8.10668,8.10892,1.00,1.00
2018.01.10 06:00:27.013,8.10627,8.10872,1.00,1.25
2018.01.10 06:00:27.064,8.10627,8.10859,1.00,1.19
2018.01.10 06:00:27.394,8.10626,8.10844,1.00,1.00
2018.01.10 06:00:27.548,8.10572,8.10794,1.00,1.12
2018.01.10 06:00:27.600,8.1054,8.10772,1.00,1.00
2018.01.10 06:00:27.651,8.1052,8.10749,1.41,1.00
2018.01.10 06:00:27.703,8.10538,8.10784,1.00,1.38
2018.01.10 06:00:27.907,8.10559,8.10794,1.00,1.38
2018.01.10 06:00:28.010,8.10559,8.10794,1.00,1.00
2018.01.10 06:00:28.113,8.10559,8.10784,1.00,1.00
2018.01.10 06:00:28.356,8.10559,8.10794,1.00,1.00
2018.01.10 06:00:28.601,8.10559,8.10784,1.00,1.00
2018.01.10 06:00:28.920,8.10559,8.10765,1.00,1.00
2018.01.10 06:00:29.349,8.10521,8.10765,1.00,1.00
2018.01.10 06:00:29.537,8.10521,8.10756,1.00,1.00
2018.01.10 06:00:30.121,8.10527,8.10756,1.00,1.00
2018.01.10 06:00:30.613,8.10527,8.10769,1.00,1.19
2018.01.10 06:00:30.664,8.10527,8.10767,1.00,1.00
2018.01.10 06:00:30.994,8.1053,8.10776,1.00,1.37
2018.01.10 06:00:31.046,8.10508,8.1075,1.00,1.00
2018.01.10 06:00:31.097,8.10477,8.10751,1.00,1.00
2018.01.10 06:00:32.522,8.10477,8.10751,1.00,1.19
2018.01.10 06:00:32.857,8.10484,8.10746,1.00,1.38
2018.01.10 06:00:32.959,8.10492,8.10746,1.00,1.00
2018.01.10 06:00:33.214,8.10493,8.10746,1.00,1.19
2018.01.10 06:00:33.630,8.10492,8.10746,1.00,1.38
2018.01.10 06:00:34.754,8.10492,8.10746,1.00,1.38
2018.01.10 06:00:35.696,8.10481,8.10746,1.00,1.38
2018.01.10 06:00:35.798,8.10481,8.10746,1.00,1.38
2018.01.10 06:00:36.577,8.10474,8.10721,1.00,1.38
2018.01.10 06:00:36.629,8.10475,8.10721,1.00,1.00
2018.01.10 06:00:37.171,8.10474,8.10721,1.00,1.00
2018.01.10 06:00:38.199,8.10477,8.10721,1.00,1.00
2018.01.10 06:00:38.355,8.10482,8.10739,1.00,1.00
2018.01.10 06:00:38.406,8.10484,8.10739,1.00,1.19
2018.01.10 06:00:38.713,8.10474,8.10728,1.00,1.38
2018.01.10 06:00:39.386,8.10474,8.10739,1.00,1.00
2018.01.10 06:00:39.537,8.10474,8.10728,1.00,1.00
2018.01.10 06:00:40.082,8.10474,8.10728,1.00,1.38
2018.01.10 06:00:41.991,8.10475,8.10727,1.00,1.38
2018.01.10 06:00:42.312,8.10474,8.10739,1.00,1.41
2018.01.10 06:00:42.363,8.10477,8.10723,1.00,1.00
2018.01.10 06:00:42.414,8.10493,8.1074,1.00,1.00
2018.01.10 06:00:42.466,8.10507,8.10751,1.00,1.37
2018.01.10 06:00:42.517,8.10507,8.10751,1.00,1.00
2018.01.10 06:00:42.619,8.10507,8.10743,1.00,1.00
2018.01.10 06:00:42.671,8.10519,8.10765,1.00,1.38
2018.01.10 06:00:42.722,8.10521,8.10767,1.00,1.00
2018.01.10 06:00:42.927,8.10512,8.10759,1.38,1.00
2018.01.10 06:00:43.208,8.10557,8.10804,1.00,1.00
2018.01.10 06:00:43.361,8.10548,8.10783,1.00,1.00
2018.01.10 06:00:43.668,8.10547,8.10765,1.00,1.00
2018.01.10 06:00:43.771,8.10505,8.10743,1.00,1.00
2018.01.10 06:00:43.823,8.10505,8.10747,1.00,1.00
2018.01.10 06:00:43.926,8.10507,8.10747,1.00,1.00
2018.01.10 06:00:44.080,8.1051,8.10756,1.00,1.00
2018.01.10 06:00:44.338,8.10505,8.10747,1.00,1.00
2018.01.10 06:00:44.440,8.10506,8.1075,1.50,1.00
2018.01.10 06:00:44.492,8.10505,8.1074,1.00,1.00
2018.01.10 06:00:44.685,8.10515,8.10761,1.00,1.00
2018.01.10 06:00:44.737,8.10525,8.10769,1.00,1.00
2018.01.10 06:00:44.839,8.10516,8.10762,1.00,1.00
2018.01.10 06:00:44.942,8.10524,8.10771,1.00,1.00
2018.01.10 06:00:44.994,8.10538,8.10782,1.00,1.00
2018.01.10 06:00:45.300,8.10548,8.1076,1.00,1.00
2018.01.10 06:00:45.352,8.10548,8.1077,1.00,1.38
2018.01.10 06:00:45.403,8.10548,8.10785,1.00,1.00
2018.01.10 06:00:45.506,8.10548,8.10776,1.00,1.37
2018.01.10 06:00:45.557,8.1051,8.10756,1.00,1.38
2018.01.10 06:00:45.664,8.1051,8.10756,1.00,1.38
2018.01.10 06:00:45.716,8.10492,8.10766,1.00,1.00
2018.01.10 06:00:45.767,8.10496,8.10743,1.00,1.00
2018.01.10 06:00:45.819,8.10488,8.10737,1.44,1.00
2018.01.10 06:00:45.922,8.10489,8.1073,1.00,1.38
2018.01.10 06:00:46.237,8.10489,8.1073,1.00,1.38
2018.01.10 06:00:46.721,8.10488,8.10735,1.00,1.00
2018.01.10 06:00:47.427,8.10488,8.10735,1.00,1.38
2018.01.10 06:00:47.734,8.10489,8.10735,1.00,1.38
2018.01.10 06:00:48.299,8.10488,8.10735,1.00,1.38
2018.01.10 06:00:49.055,8.10489,8.10722,1.00,1.38
2018.01.10 06:00:49.107,8.10455,8.10712,1.00,1.38
2018.01.10 06:00:49.158,8.10443,8.10713,1.00,1.88
2018.01.10 06:00:49.262,8.10439,8.10709,1.00,1.38
2018.01.10 06:00:50.038,8.10439,8.10709,1.00,1.38
2018.01.10 06:00:53.170,8.10438,8.10709,1.00,1.38
2018.01.10 06:00:56.967,8.10443,8.10703,1.00,1.38
2018.01.10 06:00:57.102,8.10443,8.10703,1.00,1.00
2018.01.10 06:00:57.153,8.10443,8.10709,1.00,1.00
2018.01.10 06:00:57.381,8.10443,8.10713,1.00,1.00
2018.01.10 06:00:58.009,8.10443,8.10713,1.00,1.44
2018.01.10 06:00:58.197,8.10443,8.10713,1.38,1.38
2018.01.10 06:00:58.686,8.10443,8.10713,1.38,1.38
2018.01.10 06:01:00.166,8.10454,8.10715,1.00,1.00
2018.01.10 06:01:00.218,8.10452,8.10714,1.00,1.00
2018.01.10 06:01:00.473,8.10452,8.10715,1.38,1.00
2018.01.10 06:01:00.803,8.10452,8.10715,1.38,1.38
2018.01.10 06:01:01.127,8.10452,8.10714,1.00,1.00
2018.01.10 06:01:01.368,8.10449,8.10715,1.00,1.00
2018.01.10 06:01:01.734,8.10447,8.10709,1.00,1.00
2018.01.10 06:01:01.888,8.10437,8.10702,1.00,1.00
2018.01.10 06:01:02.054,8.10437,8.10683,1.00,1.00
2018.01.10 06:01:02.833,8.10437,8.10683,1.00,1.44
2018.01.10 06:01:03.165,8.10437,8.10683,1.00,1.38
2018.01.10 06:01:04.064,8.10438,8.10663,1.00,1.00
2018.01.10 06:01:04.533,8.10438,8.10673,1.00,1.56
2018.01.10 06:01:04.586,8.10431,8.10677,1.00,1.00
2018.01.10 06:01:04.637,8.10428,8.10673,1.00,1.25
2018.01.10 06:01:04.961,8.10428,8.10663,1.00,1.25
2018.01.10 06:01:06.038,8.10429,8.10663,1.00,1.00
2018.01.10 06:01:06.690,8.10428,8.10663,1.00,1.00
2018.01.10 06:01:09.947,8.10429,8.10663,1.00,1.00
2018.01.10 06:01:10.289,8.10392,8.10637,1.50,1.00
2018.01.10 06:01:12.242,8.10399,8.10645,1.00,1.00
2018.01.10 06:01:12.293,8.10407,8.10653,1.00,1.00
2018.01.10 06:01:15.945,8.10412,8.10658,1.00,1.00
2018.01.10 06:01:17.463,8.10412,8.10658,1.00,1.19
2018.01.10 06:01:17.976,8.10412,8.10658,1.00,1.38
2018.01.10 06:01:20.014,8.10412,8.10656,1.00,1.00
2018.01.10 06:01:20.168,8.10429,8.10675,1.00,1.00
2018.01.10 06:01:20.219,8.10456,8.10677,1.00,1.00
2018.01.10 06:01:20.271,8.10426,8.10689,1.00,1.00
2018.01.10 06:01:20.322,8.10451,8.10689,1.00,1.00
2018.01.10 06:01:20.425,8.10451,8.10698,1.00,1.00
2018.01.10 06:01:20.629,8.10461,8.10707,1.00,1.00
2018.01.10 06:01:23.229,8.1046,8.10701,1.00,1.00
2018.01.10 06:01:23.488,8.10421,8.10665,1.00,1.00
2018.01.10 06:01:23.697,8.10413,8.10658,1.25,1.00
2018.01.10 06:01:24.364,8.10414,8.10658,1.00,1.00
2018.01.10 06:01:24.915,8.10413,8.10658,1.00,1.00
2018.01.10 06:01:27.402,8.10414,8.10653,1.00,1.00
2018.01.10 06:01:27.603,8.10381,8.10627,1.50,1.00
2018.01.10 06:01:27.655,8.1038,8.10623,1.00,1.00
2018.01.10 06:01:28.680,8.10381,8.10623,1.00,1.00
2018.01.10 06:01:29.193,8.1038,8.10623,1.00,1.00
2018.01.10 06:01:33.875,8.10381,8.10623,1.00,1.00
2018.01.10 06:01:34.942,8.1038,8.10621,1.00,1.00
2018.01.10 06:01:38.609,8.10381,8.10621,1.00,1.00
2018.01.10 06:01:40.801,8.1038,8.10621,1.00,1.00
2018.01.10 06:01:41.440,8.1038,8.10614,1.00,1.00
2018.01.10 06:01:41.752,8.10381,8.10594,1.00,1.00
2018.01.10 06:01:41.804,8.10339,8.10585,1.50,1.00
2018.01.10 06:01:41.856,8.10345,8.10589,1.00,1.00
2018.01.10 06:01:42.189,8.10345,8.10589,1.19,1.00
2018.01.10 06:01:42.640,8.10352,8.10589,1.00,1.00
2018.01.10 06:01:45.775,8.10352,8.10592,1.00,1.00
2018.01.10 06:01:47.244,8.10352,8.10594,1.00,1.00
2018.01.10 06:01:47.776,8.10372,8.10611,1.00,1.00
2018.01.10 06:01:47.929,8.10373,8.10616,1.00,1.00
2018.01.10 06:01:48.444,8.10372,8.10616,1.50,1.00
2018.01.10 06:01:48.755,8.10372,8.10616,1.69,1.00
2018.01.10 06:01:48.857,8.10379,8.10623,1.00,1.00
2018.01.10 06:01:49.482,8.10379,8.10623,1.19,1.00
2018.01.10 06:01:49.972,8.10379,8.10625,1.19,1.00
2018.01.10 06:01:52.041,8.10382,8.10625,1.38,1.00
2018.01.10 06:01:52.093,8.10385,8.10629,1.00,1.00
2018.01.10 06:01:52.407,8.10385,8.10629,1.38,1.00
2018.01.10 06:01:52.459,8.10385,8.10629,1.00,1.00
2018.01.10 06:01:52.714,8.10392,8.10629,1.00,1.00
2018.01.10 06:01:53.051,8.10392,8.10625,1.19,1.00
2018.01.10 06:01:54.425,8.10382,8.10625,1.88,1.00
2018.01.10 06:01:55.401,8.10382,8.10625,1.88,1.00
2018.01.10 06:01:56.118,8.10398,8.10639,1.00,1.38
2018.01.10 06:01:56.170,8.10403,8.10649,1.00,1.50
2018.01.10 06:01:56.221,8.10407,8.10648,1.00,1.00
2018.01.10 06:01:56.423,8.10402,8.10648,1.00,1.00
2018.01.10 06:01:56.526,8.10402,8.10648,1.38,1.00
2018.01.10 06:01:56.954,8.10417,8.10663,1.38,1.00
2018.01.10 06:01:57.535,8.1042,8.10661,1.38,1.00
2018.01.10 06:01:59.072,8.1042,8.10652,1.38,1.00
2018.01.10 06:01:59.770,8.1042,8.10652,1.38,1.00
2018.01.10 06:02:00.228,8.10409,8.10652,1.38,1.00
2018.01.10 06:02:00.279,8.10418,8.10664,1.00,1.00
2018.01.10 06:02:01.032,8.10418,8.10664,1.44,1.00
2018.01.10 06:02:01.339,8.10429,8.10664,1.38,1.00
2018.01.10 06:02:04.498,8.10441,8.10666,1.38,1.00
2018.01.10 06:02:04.550,8.10444,8.10686,1.38,1.00
2018.01.10 06:02:04.754,8.10448,8.10686,1.38,1.00
2018.01.10 06:02:04.907,8.10448,8.10694,1.38,1.00
2018.01.10 06:02:05.136,8.10453,8.10694,1.00,1.38
2018.01.10 06:02:05.335,8.10443,8.10688,1.00,1.38
2018.01.10 06:02:05.387,8.10444,8.10682,1.00,1.38
2018.01.10 06:02:05.438,8.10443,8.10682,1.38,1.25
2018.01.10 06:02:05.926,8.10444,8.10682,1.38,1.44
2018.01.10 06:02:06.044,8.10443,8.10682,1.00,1.25
2018.01.10 06:02:06.819,8.10443,8.10687,1.19,1.38
2018.01.10 06:02:07.246,8.10446,8.10691,1.38,1.38
2018.01.10 06:02:07.765,8.10446,8.10691,1.38,1.38
2018.01.10 06:02:07.901,8.10452,8.10691,1.19,1.00
2018.01.10 06:02:07.953,8.10452,8.10697,1.38,1.00
2018.01.10 06:02:08.319,8.10452,8.10691,1.38,1.00
2018.01.10 06:02:10.650,8.10452,8.10691,1.19,1.00
2018.01.10 06:02:10.814,8.10452,8.10691,1.00,1.00
2018.01.10 06:02:10.865,8.10447,8.10691,1.00,1.00
2018.01.10 06:02:11.549,8.10447,8.10691,1.38,1.25
2018.01.10 06:02:11.896,8.10447,8.10691,1.38,1.25
2018.01.10 06:02:12.049,8.10447,8.10691,1.00,1.00
2018.01.10 06:02:12.517,8.10447,8.10694,1.00,1.00
2018.01.10 06:02:13.267,8.10447,8.10694,1.38,1.00
2018.01.10 06:02:15.776,8.10443,8.10674,1.00,1.38
2018.01.10 06:02:15.879,8.10422,8.10668,1.00,1.38
2018.01.10 06:02:15.930,8.10422,8.10668,1.38,1.38
2018.01.10 06:02:17.509,8.10419,8.10665,1.38,1.38
2018.01.10 06:02:18.226,8.10423,8.10665,1.19,1.19
2018.01.10 06:02:18.278,8.10423,8.10665,1.00,1.00
2018.01.10 06:02:18.330,8.10419,8.10665,1.00,1.00
2018.01.10 06:02:19.086,8.10438,8.10668,1.00,1.00
2018.01.10 06:02:20.032,8.10437,8.10668,1.00,1.00
2018.01.10 06:02:20.574,8.10446,8.10686,1.00,1.00
2018.01.10 06:02:20.625,8.10446,8.10693,1.19,1.00
2018.01.10 06:02:20.935,8.10449,8.10694,1.00,1.00
2018.01.10 06:02:21.785,8.10452,8.10694,1.00,1.00
2018.01.10 06:02:22.542,8.10453,8.10694,1.00,1.00
2018.01.10 06:02:23.349,8.10452,8.10694,1.00,1.00
2018.01.10 06:02:32.320,8.10452,8.10694,1.19,1.00
2018.01.10 06:02:38.429,8.10451,8.10694,1.19,1.00
2018.01.10 06:02:38.746,8.10452,8.10694,1.38,1.00
2018.01.10 06:02:43.913,8.10452,8.10694,1.38,1.00
2018.01.10 06:02:44.120,8.10474,8.10718,1.38,1.00
2018.01.10 06:02:44.172,8.10474,8.10718,1.38,1.00
2018.01.10 06:02:44.276,8.10479,8.10725,1.00,1.00
2018.01.10 06:02:44.327,8.10484,8.10729,1.00,1.00
2018.01.10 06:02:44.808,8.10484,8.10729,1.38,1.00
2018.01.10 06:02:45.361,8.10492,8.10729,1.00,1.00
2018.01.10 06:02:45.413,8.10484,8.10729,1.00,1.00
2018.01.10 06:02:45.894,8.10485,8.10732,1.00,1.00
2018.01.10 06:02:46.707,8.10485,8.10732,1.38,1.00
2018.01.10 06:02:47.017,8.10492,8.10732,1.00,1.00
2018.01.10 06:02:47.068,8.10485,8.10732,1.00,1.00
2018.01.10 06:02:47.882,8.10487,8.10733,1.00,1.00
2018.01.10 06:02:49.344,8.10481,8.1072,1.00,1.00
2018.01.10 06:02:49.447,8.10481,8.10728,1.50,1.00
2018.01.10 06:02:50.130,8.10482,8.10728,1.00,1.00
2018.01.10 06:02:52.441,8.10482,8.10728,1.19,1.00
2018.01.10 06:02:53.409,8.10481,8.10725,1.19,1.00
2018.01.10 06:02:58.691,8.10481,8.10717,1.19,1.00
2018.01.10 06:02:58.829,8.10481,8.10713,1.00,1.00
2018.01.10 06:02:58.881,8.10481,8.10719,1.00,1.00
2018.01.10 06:02:58.932,8.10481,8.10725,1.50,1.00
2018.01.10 06:02:58.984,8.10482,8.10725,1.19,1.00
2018.01.10 06:02:59.087,8.10481,8.10725,1.50,1.00
2018.01.10 06:03:00.926,8.10482,8.10727,1.00,1.00
2018.01.10 06:03:02.694,8.10472,8.10718,1.00,1.00
2018.01.10 06:03:05.122,8.10471,8.10717,1.00,1.00
2018.01.10 06:03:12.637,8.10474,8.1072,1.00,1.00
2018.01.10 06:03:15.954,8.10472,8.10718,1.00,1.00
2018.01.10 06:03:20.153,8.1047,8.10717,1.00,1.00
2018.01.10 06:03:22.212,8.10464,8.10693,1.00,1.00
2018.01.10 06:03:22.679,8.10464,8.10688,1.00,1.00
2018.01.10 06:03:23.187,8.10465,8.10688,1.00,1.00
2018.01.10 06:03:23.927,8.10465,8.10686,1.00,1.00
2018.01.10 06:03:24.429,8.10464,8.10686,1.00,1.00
2018.01.10 06:03:25.503,8.10465,8.10686,1.00,1.00
2018.01.10 06:03:26.052,8.10464,8.10686,1.00,1.00
2018.01.10 06:03:27.697,8.10464,8.10691,1.00,1.00
2018.01.10 06:03:29.088,8.10465,8.10691,1.00,1.00
2018.01.10 06:03:29.190,8.10441,8.10687,1.00,1.00
2018.01.10 06:03:29.294,8.1043,8.10664,1.00,1.00
2018.01.10 06:03:29.637,8.10392,8.10624,1.00,1.00
2018.01.10 06:03:30.400,8.10392,8.10633,1.00,1.00
2018.01.10 06:03:30.504,8.10392,8.10629,1.00,1.00
2018.01.10 06:03:34.501,8.10393,8.10629,1.00,1.00
2018.01.10 06:03:35.183,8.10392,8.10626,1.00,1.00
2018.01.10 06:03:36.923,8.10393,8.10608,1.00,1.00
2018.01.10 06:03:36.974,8.10362,8.10608,1.00,1.00
2018.01.10 06:03:37.079,8.10358,8.10604,1.00,1.00
2018.01.10 06:03:37.564,8.10365,8.10611,1.00,1.00
2018.01.10 06:03:37.914,8.10402,8.10634,1.00,1.00
2018.01.10 06:03:37.966,8.10402,8.10641,1.00,1.00
2018.01.10 06:03:38.105,8.10403,8.10649,1.00,1.00
2018.01.10 06:03:38.799,8.10402,8.10648,1.50,1.00
2018.01.10 06:03:39.199,8.10413,8.10648,1.00,1.00
2018.01.10 06:03:39.522,8.10413,8.10645,1.00,1.00
2018.01.10 06:03:39.933,8.10413,8.10649,1.00,1.00
2018.01.10 06:03:40.413,8.10412,8.10641,1.00,1.00
2018.01.10 06:03:40.812,8.10412,8.10638,1.00,1.00
2018.01.10 06:03:41.195,8.10432,8.10668,1.00,1.86
2018.01.10 06:03:42.269,8.10432,8.10667,1.00,1.37
2018.01.10 06:03:49.617,8.10443,8.10666,1.00,1.67
2018.01.10 06:03:49.969,8.10452,8.10668,1.00,1.04
2018.01.10 06:03:51.692,8.10442,8.10668,1.00,1.80
2018.01.10 06:03:54.713,8.10442,8.10668,1.19,1.41
2018.01.10 06:03:57.241,8.10442,8.10668,1.38,1.74
2018.01.10 06:03:59.102,8.10442,8.10667,1.50,1.07
2018.01.10 06:03:59.704,8.10442,8.10668,1.00,1.29
2018.01.10 06:04:00.114,8.10442,8.10668,1.38,1.29
2018.01.10 06:04:00.465,8.10442,8.10668,1.38,1.15
2018.01.10 06:04:01.640,8.1044,8.10667,1.38,1.94
2018.01.10 06:04:04.255,8.1044,8.10668,1.38,1.90
2018.01.10 06:04:06.564,8.1044,8.10667,1.38,1.22
2018.01.10 06:04:06.934,8.10441,8.10667,1.38,1.02
2018.01.10 06:04:07.167,8.10441,8.10667,1.00,1.02
2018.01.10 06:04:07.269,8.10432,8.10678,1.00,2.03
2018.01.10 06:04:08.070,8.10432,8.10667,1.00,1.02
2018.01.10 06:04:08.482,8.10432,8.10667,1.38,1.02
2018.01.10 06:04:09.634,8.10442,8.10668,1.38,1.55
2018.01.10 06:04:11.167,8.10432,8.10668,1.00,1.26
2018.01.10 06:04:13.200,8.10432,8.10668,1.19,1.26
2018.01.10 06:04:13.547,8.10432,8.10678,1.38,1.98
2018.01.10 06:04:14.656,8.10448,8.10694,1.00,1.00
2018.01.10 06:04:14.708,8.10475,8.1071,1.00,1.00
2018.01.10 06:04:14.969,8.10507,8.10743,1.00,1.00
2018.01.10 06:04:15.174,8.10515,8.10761,1.00,1.19
2018.01.10 06:04:16.082,8.10517,8.10763,1.00,1.19
2018.01.10 06:04:20.272,8.10516,8.1076,1.00,1.19
2018.01.10 06:04:23.164,8.10516,8.10756,1.00,1.19
2018.01.10 06:04:24.161,8.10516,8.1076,1.00,1.19
2018.01.10 06:04:24.698,8.10522,8.10769,1.00,1.19
2018.01.10 06:04:25.266,8.10535,8.10769,1.00,1.19
2018.01.10 06:04:25.318,8.10546,8.10777,1.00,1.00
2018.01.10 06:04:25.369,8.10557,8.10801,1.00,1.00
2018.01.10 06:04:27.312,8.10564,8.1081,1.00,1.00
2018.01.10 06:04:27.808,8.10567,8.10814,1.00,1.00
2018.01.10 06:04:27.859,8.10555,8.108,1.19,1.00
2018.01.10 06:04:27.911,8.10549,8.10794,1.00,1.00
2018.01.10 06:04:27.962,8.10566,8.10807,1.00,1.00
2018.01.10 06:04:28.014,8.10563,8.10807,1.00,1.00
2018.01.10 06:04:28.065,8.10572,8.10819,1.00,1.00
2018.01.10 06:04:28.341,8.10569,8.10814,1.00,1.00
2018.01.10 06:04:31.105,8.10569,8.10812,1.00,1.00
2018.01.10 06:04:32.009,8.10586,8.10827,1.00,1.00
2018.01.10 06:04:32.112,8.10615,8.10861,1.00,1.00
2018.01.10 06:04:36.137,8.10615,8.10861,1.00,1.19
2018.01.10 06:04:38.388,8.10609,8.10853,1.50,1.38
2018.01.10 06:04:38.490,8.1061,8.10854,1.00,1.00
2018.01.10 06:04:38.542,8.10618,8.10864,1.00,1.00
2018.01.10 06:04:38.695,8.10627,8.10873,1.00,1.00
2018.01.10 06:04:39.001,8.10609,8.10846,1.00,1.00
2018.01.10 06:04:39.314,8.10601,8.10846,1.00,1.00
2018.01.10 06:04:39.623,8.10608,8.10855,1.00,1.38
2018.01.10 06:04:39.675,8.10619,8.10866,1.00,1.00
2018.01.10 06:04:39.777,8.10632,8.10878,1.00,1.50
2018.01.10 06:04:41.685,8.10632,8.10878,1.00,1.19
2018.01.10 06:04:42.021,8.10632,8.10878,1.00,1.19
2018.01.10 06:04:42.072,8.10632,8.10878,1.00,1.00
2018.01.10 06:04:42.328,8.10618,8.10856,1.00,1.00
2018.01.10 06:04:42.541,8.10602,8.10846,1.00,1.00
2018.01.10 06:04:42.592,8.10621,8.10867,1.00,1.00
2018.01.10 06:04:42.861,8.10638,8.10879,1.00,1.00
2018.01.10 06:04:43.173,8.10632,8.10878,1.00,1.38
2018.01.10 06:04:44.666,8.10626,8.10872,1.00,1.44
2018.01.10 06:04:45.065,8.10631,8.10877,1.00,1.38
2018.01.10 06:04:45.167,8.10631,8.10877,1.00,1.00
2018.01.10 06:04:45.416,8.1064,8.10879,1.00,1.00
2018.01.10 06:04:46.051,8.1064,8.10878,1.00,1.00
2018.01.10 06:04:47.105,8.1064,8.10879,1.00,1.00
2018.01.10 06:04:48.100,8.10631,8.10877,1.44,1.00
2018.01.10 06:04:48.280,8.10631,8.10877,1.00,1.19
2018.01.10 06:04:48.851,8.10648,8.10884,1.00,1.00
2018.01.10 06:04:48.902,8.10658,8.10904,1.00,1.00
2018.01.10 06:04:49.115,8.1068,8.10914,1.00,1.38
2018.01.10 06:04:49.166,8.10683,8.1093,1.00,1.37
2018.01.10 06:04:49.218,8.10684,8.10928,1.00,1.00
2018.01.10 06:04:49.320,8.10693,8.10937,1.00,1.00
2018.01.10 06:04:50.246,8.10693,8.10934,1.00,1.00
2018.01.10 06:04:50.830,8.10693,8.10934,1.00,1.38
2018.01.10 06:04:51.148,8.10693,8.10934,1.00,1.38
2018.01.10 06:04:51.662,8.10693,8.10934,1.00,1.38
2018.01.10 06:04:51.714,8.10682,8.10929,1.00,1.38
2018.01.10 06:04:52.011,8.10676,8.1092,1.25,1.38
2018.01.10 06:04:52.294,8.10675,8.1092,1.00,1.38
2018.01.10 06:04:55.398,8.10676,8.10911,1.00,1.25
2018.01.10 06:04:56.784,8.10682,8.10928,1.00,1.38
2018.01.10 06:04:56.836,8.10676,8.10922,1.00,1.25
2018.01.10 06:04:57.306,8.10676,8.10922,1.00,1.44
2018.01.10 06:04:57.458,8.10676,8.10922,1.00,1.25
2018.01.10 06:04:57.848,8.10675,8.10917,1.00,1.00
2018.01.10 06:04:58.164,8.10675,8.10917,1.00,1.38
2018.01.10 06:05:00.200,8.10686,8.1093,1.00,1.00
2018.01.10 06:05:00.251,8.10686,8.10933,1.00,1.00
2018.01.10 06:05:00.303,8.10697,8.10943,1.00,1.25
2018.01.10 06:05:00.610,8.10712,8.10958,1.50,1.00
2018.01.10 06:05:00.982,8.1072,8.10966,1.00,1.56
2018.01.10 06:05:01.295,8.10726,8.10972,1.00,1.38
2018.01.10 06:05:02.206,8.10726,8.10972,1.00,1.38
2018.01.10 06:05:02.257,8.10726,8.10972,1.00,1.00
2018.01.10 06:05:02.410,8.1074,8.10983,1.00,1.00
2018.01.10 06:05:02.779,8.10754,8.10983,1.00,1.00
2018.01.10 06:05:05.366,8.10752,8.10983,1.00,1.00
2018.01.10 06:05:10.044,8.10756,8.1099,1.00,1.00
2018.01.10 06:05:10.146,8.10769,8.11015,1.00,1.00
2018.01.10 06:05:10.198,8.10777,8.11021,1.00,1.37
2018.01.10 06:05:10.620,8.10785,8.11026,1.00,1.37
2018.01.10 06:05:11.253,8.10785,8.11026,1.00,1.00
2018.01.10 06:05:12.566,8.10785,8.11025,1.00,1.00
2018.01.10 06:05:12.878,8.1079,8.11025,1.00,1.00
2018.01.10 06:05:13.382,8.10768,8.11007,1.00,1.00
2018.01.10 06:05:13.434,8.10766,8.11007,1.00,1.00
2018.01.10 06:05:14.262,8.10771,8.11007,1.00,1.00
2018.01.10 06:05:14.468,8.10803,8.11049,1.00,1.00
2018.01.10 06:05:14.622,8.10803,8.11039,1.00,1.00
2018.01.10 06:05:16.195,8.10802,8.11039,1.00,1.00
2018.01.10 06:05:17.539,8.10799,8.11039,1.00,1.00
2018.01.10 06:05:18.977,8.10798,8.11039,1.00,1.00
2018.01.10 06:05:19.029,8.10782,8.11017,1.50,1.00
2018.01.10 06:05:19.080,8.10747,8.1101,1.00,1.00
2018.01.10 06:05:19.132,8.10765,8.11011,1.00,1.00
2018.01.10 06:05:19.477,8.10763,8.11009,1.00,1.00
2018.01.10 06:05:19.783,8.10755,8.11001,1.38,1.00
2018.01.10 06:05:19.936,8.10755,8.11001,1.00,1.00
2018.01.10 06:05:20.445,8.10754,8.10989,1.00,1.00
2018.01.10 06:05:22.390,8.10748,8.10989,1.00,1.00
2018.01.10 06:05:22.554,8.10742,8.10986,1.69,1.00
2018.01.10 06:05:22.607,8.10741,8.10974,1.00,1.00
2018.01.10 06:05:22.711,8.10705,8.10949,1.25,1.19
2018.01.10 06:05:22.815,8.10699,8.10941,1.00,1.00
2018.01.10 06:05:22.866,8.10699,8.10947,1.00,1.00
2018.01.10 06:05:23.003,8.107,8.10943,1.00,1.00
2018.01.10 06:05:23.055,8.10702,8.10948,1.00,1.00
2018.01.10 06:05:23.536,8.10702,8.10948,1.00,1.19
2018.01.10 06:05:23.722,8.107,8.10946,1.00,1.19
2018.01.10 06:05:24.588,8.107,8.10944,1.50,1.00
2018.01.10 06:05:25.703,8.10699,8.10941,1.00,1.00
2018.01.10 06:05:26.410,8.107,8.10941,1.00,1.00
2018.01.10 06:05:26.951,8.10699,8.10941,1.00,1.19
2018.01.10 06:05:27.003,8.10699,8.10941,1.00,1.00
2018.01.10 06:05:27.701,8.107,8.10941,1.00,1.00
2018.01.10 06:05:27.954,8.10699,8.10943,1.00,1.25
2018.01.10 06:05:28.351,8.10699,8.10943,1.00,1.38
2018.01.10 06:05:28.884,8.10699,8.10943,1.00,1.38
2018.01.10 06:05:29.041,8.10699,8.10943,1.00,1.00
2018.01.10 06:05:31.411,8.1071,8.10957,1.00,1.75
2018.01.10 06:05:31.463,8.10707,8.10953,1.00,1.00
2018.01.10 06:05:31.572,8.10714,8.10961,1.00,1.38
2018.01.10 06:05:31.880,8.107,8.10918,1.00,1.00
2018.01.10 06:05:31.936,8.1066,8.10906,1.00,1.00
2018.01.10 06:05:31.988,8.1066,8.10906,1.00,1.38
2018.01.10 06:05:32.193,8.1066,8.10906,1.00,1.00
2018.01.10 06:05:32.635,8.1066,8.10906,1.00,1.38
2018.01.10 06:05:32.891,8.1066,8.10906,1.00,1.00
2018.01.10 06:05:33.684,8.1066,8.10906,1.00,1.38
2018.01.10 06:05:34.021,8.1066,8.10894,1.00,1.38
2018.01.10 06:05:34.226,8.10655,8.10894,1.00,1.00
2018.01.10 06:05:34.278,8.1066,8.10904,1.00,1.37
2018.01.10 06:05:34.329,8.10668,8.10901,1.00,1.12
2018.01.10 06:05:34.483,8.10664,8.10901,1.00,1.12
2018.01.10 06:05:34.829,8.10659,8.10901,1.00,1.12
2018.01.10 06:05:34.880,8.10654,8.10891,1.00,1.00
2018.01.10 06:05:34.932,8.10654,8.10899,1.00,1.00
2018.01.10 06:05:35.244,8.10654,8.10889,1.00,1.00
2018.01.10 06:05:35.346,8.10654,8.10893,1.00,1.00
2018.01.10 06:05:35.398,8.10659,8.10901,1.00,1.00
2018.01.10 06:05:35.449,8.10662,8.10901,1.00,1.00
2018.01.10 06:05:35.792,8.10676,8.10901,1.00,1.00
2018.01.10 06:05:35.961,8.10655,8.10901,1.38,1.00
2018.01.10 06:05:36.014,8.10655,8.10901,1.50,1.00
2018.01.10 06:05:36.124,8.10655,8.10892,1.00,1.00
2018.01.10 06:05:37.198,8.10654,8.10892,1.00,1.00
2018.01.10 06:05:37.713,8.10655,8.10892,1.00,1.00
2018.01.10 06:05:38.401,8.10654,8.10892,1.00,1.00
2018.01.10 06:05:38.503,8.10657,8.10901,1.00,1.50
2018.01.10 06:05:39.114,8.10654,8.10882,1.00,1.00
2018.01.10 06:05:39.534,8.10654,8.10872,1.00,1.00
2018.01.10 06:05:45.006,8.10654,8.1088,1.00,1.00
2018.01.10 06:05:45.151,8.10655,8.10878,1.00,1.19
2018.01.10 06:05:45.304,8.10654,8.10878,1.00,1.00
2018.01.10 06:05:45.355,8.10655,8.10873,1.00,1.00
2018.01.10 06:05:45.905,8.10654,8.10873,1.00,1.25
2018.01.10 06:05:46.160,8.10654,8.10886,1.00,1.00
2018.01.10 06:05:46.211,8.10654,8.10899,1.00,1.00
2018.01.10 06:05:46.366,8.10654,8.10896,1.00,1.00
2018.01.10 06:05:46.708,8.10654,8.10886,1.00,1.00
2018.01.10 06:05:47.117,8.10654,8.10886,1.00,1.38
2018.01.10 06:05:47.989,8.10654,8.10878,1.00,1.38
2018.01.10 06:05:48.295,8.10613,8.10848,1.19,1.00
2018.01.10 06:05:48.398,8.1062,8.10867,1.19,1.00
2018.01.10 06:05:48.770,8.10614,8.10858,1.19,1.00
2018.01.10 06:05:49.177,8.10613,8.10858,1.19,1.19
2018.01.10 06:05:50.013,8.10613,8.10858,1.19,1.38
2018.01.10 06:05:50.065,8.10614,8.10858,1.19,1.00
2018.01.10 06:05:50.116,8.10613,8.10849,1.19,1.00
2018.01.10 06:05:50.623,8.10616,8.10863,1.19,1.00
2018.01.10 06:05:51.297,8.10635,8.10868,1.19,1.00
2018.01.10 06:05:52.320,8.10627,8.10868,1.19,1.19
2018.01.10 06:05:52.625,8.10613,8.10859,1.69,1.00
2018.01.10 06:05:52.676,8.10625,8.10868,1.19,1.00
2018.01.10 06:05:53.414,8.10616,8.10862,1.38,1.00
2018.01.10 06:05:53.566,8.10616,8.10868,1.19,1.00
2018.01.10 06:05:53.704,8.10616,8.10868,1.00,1.00
2018.01.10 06:05:53.755,8.10629,8.10868,1.00,1.00
2018.01.10 06:05:53.807,8.10614,8.10871,1.00,1.00
2018.01.10 06:05:53.859,8.10614,8.10864,1.00,1.00
2018.01.10 06:05:54.194,8.10613,8.10854,1.00,1.00
2018.01.10 06:05:56.321,8.10616,8.10854,1.00,1.00
2018.01.10 06:05:56.676,8.1063,8.10854,1.00,1.00
2018.01.10 06:05:56.727,8.10618,8.10854,1.00,1.00
2018.01.10 06:05:56.779,8.10616,8.10854,1.00,1.00
2018.01.10 06:05:56.844,8.10628,8.10854,1.00,1.00
2018.01.10 06:05:57.170,8.1063,8.10854,1.00,1.00
2018.01.10 06:05:57.757,8.1062,8.10854,1.00,1.00
2018.01.10 06:05:58.267,8.10613,8.10854,1.00,1.00
2018.01.10 06:05:59.437,8.10613,8.10854,1.00,1.19
2018.01.10 06:06:00.424,8.10613,8.10854,1.00,1.00
2018.01.10 06:06:01.101,8.10614,8.10854,1.50,1.00
2018.01.10 06:06:01.203,8.10623,8.10854,1.00,1.00
2018.01.10 06:06:01.305,8.10619,8.10854,1.00,1.00
2018.01.10 06:06:01.740,8.10619,8.10872,1.00,1.00
2018.01.10 06:06:01.895,8.10619,8.10872,1.00,1.44
2018.01.10 06:06:02.165,8.10618,8.10872,1.00,1.00
2018.01.10 06:06:05.504,8.10616,8.10872,1.00,1.00
2018.01.10 06:06:05.816,8.10614,8.10872,1.00,1.00
2018.01.10 06:06:06.416,8.10618,8.10872,1.00,1.00
2018.01.10 06:06:06.467,8.10613,8.10872,1.00,1.00
2018.01.10 06:06:06.926,8.10618,8.10872,1.00,1.25
2018.01.10 06:06:08.799,8.1062,8.10872,1.00,1.25
2018.01.10 06:06:09.103,8.1062,8.10872,1.00,1.44
2018.01.10 06:06:09.612,8.1062,8.10864,1.00,1.00
2018.01.10 06:06:11.383,8.1062,8.10864,1.00,1.19
2018.01.10 06:06:12.452,8.1062,8.10863,1.00,1.38
2018.01.10 06:06:12.664,8.10606,8.10863,1.00,1.38
2018.01.10 06:06:13.992,8.10611,8.10864,1.00,1.38
2018.01.10 06:06:20.689,8.10607,8.10863,1.00,1.38
2018.01.10 06:06:20.740,8.10607,8.10849,1.00,1.00
2018.01.10 06:06:21.804,8.10607,8.10849,1.00,1.19
2018.01.10 06:06:23.497,8.10607,8.10849,1.00,1.00
2018.01.10 06:06:23.599,8.10616,8.10849,1.00,1.00
2018.01.10 06:06:27.485,8.10616,8.10849,1.00,1.19
2018.01.10 06:06:27.588,8.10605,8.10849,1.00,1.38
2018.01.10 06:06:27.849,8.10605,8.10849,1.00,1.38
2018.01.10 06:06:28.053,8.10605,8.10849,1.00,1.00
2018.01.10 06:06:29.381,8.10614,8.10849,1.00,1.00
2018.01.10 06:06:29.777,8.10614,8.10849,1.00,1.19
2018.01.10 06:06:30.116,8.10614,8.10849,1.00,1.38
2018.01.10 06:06:30.167,8.10604,8.10849,1.00,1.38
2018.01.10 06:06:30.218,8.10614,8.10849,1.00,1.38
2018.01.10 06:06:30.435,8.10596,8.10849,1.00,1.00
2018.01.10 06:06:32.144,8.10604,8.10849,1.00,1.00
2018.01.10 06:06:32.597,8.10604,8.10849,1.00,1.38
2018.01.10 06:06:32.852,8.10604,8.10849,1.00,1.00
2018.01.10 06:06:34.106,8.10604,8.10849,1.00,1.38
2018.01.10 06:06:34.421,8.10604,8.10849,1.00,1.38
2018.01.10 06:06:34.729,8.10604,8.10842,1.00,1.38
2018.01.10 06:06:34.780,8.10585,8.10841,1.56,1.38
2018.01.10 06:06:34.832,8.10585,8.10841,1.00,1.38
2018.01.10 06:06:34.985,8.10594,8.10849,1.00,1.00
2018.01.10 06:06:35.036,8.10584,8.10839,1.00,1.00
2018.01.10 06:06:35.909,8.10592,8.10847,1.00,1.00
2018.01.10 06:06:36.300,8.10583,8.10832,1.00,1.00
2018.01.10 06:06:36.611,8.10597,8.10849,1.00,1.00
2018.01.10 06:06:36.873,8.10591,8.10845,1.25,1.00
2018.01.10 06:06:37.330,8.10591,8.10845,1.00,1.38
2018.01.10 06:06:37.666,8.10591,8.10845,1.00,1.00
2018.01.10 06:06:38.859,8.10591,8.10848,1.00,1.00
2018.01.10 06:06:39.313,8.10591,8.10848,1.00,1.38
2018.01.10 06:06:39.617,8.10583,8.10832,1.00,1.38
2018.01.10 06:06:40.024,8.10583,8.10832,1.00,1.38
2018.01.10 06:06:40.346,8.10584,8.10832,1.00,1.88
2018.01.10 06:06:40.398,8.10554,8.10809,1.38,1.38
2018.01.10 06:06:40.449,8.10554,8.10809,1.00,1.38
2018.01.10 06:06:40.551,8.10549,8.10805,1.00,1.38
2018.01.10 06:06:40.602,8.10544,8.10801,1.00,1.19
2018.01.10 06:06:40.873,8.10544,8.10801,1.00,1.38
2018.01.10 06:06:41.212,8.10554,8.10811,1.00,1.38
2018.01.10 06:06:41.264,8.10544,8.10801,1.38,1.38
2018.01.10 06:06:41.315,8.10541,8.10792,1.00,1.25
2018.01.10 06:06:43.057,8.10541,8.10788,1.00,1.00
2018.01.10 06:06:43.301,8.10545,8.10798,1.00,1.00
2018.01.10 06:06:43.557,8.10562,8.10798,1.00,1.00
2018.01.10 06:06:45.331,8.10571,8.10818,1.00,1.06
2018.01.10 06:06:45.869,8.10567,8.10818,1.00,1.06
2018.01.10 06:06:46.374,8.10566,8.10818,1.00,1.06
2018.01.10 06:06:49.855,8.10556,8.10813,1.00,1.25
2018.01.10 06:06:50.433,8.10562,8.10819,1.00,1.73
2018.01.10 06:06:50.956,8.10572,8.10819,1.00,1.05
2018.01.10 06:06:52.136,8.1058,8.10819,1.00,1.05
2018.01.10 06:06:52.188,8.10569,8.10819,1.00,1.05
2018.01.10 06:06:52.239,8.10578,8.10818,1.00,1.06
2018.01.10 06:06:52.553,8.10583,8.10819,1.00,1.05
2018.01.10 06:06:53.889,8.10581,8.10819,1.00,1.05
2018.01.10 06:06:54.057,8.10583,8.10819,1.00,1.05
2018.01.10 06:06:54.160,8.10566,8.10818,1.00,1.23
2018.01.10 06:06:54.214,8.10547,8.10804,1.38,1.00
2018.01.10 06:06:54.336,8.10542,8.10797,1.00,1.00
2018.01.10 06:06:54.389,8.10545,8.10799,1.00,1.00
2018.01.10 06:06:55.289,8.10545,8.10787,1.00,1.00
2018.01.10 06:06:55.992,8.10542,8.10787,1.50,1.00
2018.01.10 06:06:58.087,8.10541,8.10787,1.50,1.00
2018.01.10 06:07:00.362,8.10542,8.10787,1.00,1.00
2018.01.10 06:07:01.016,8.10541,8.10787,1.50,1.00
2018.01.10 06:07:01.752,8.10542,8.10787,1.00,1.00
2018.01.10 06:07:02.212,8.10537,8.10787,1.00,1.00
2018.01.10 06:07:03.914,8.10537,8.10787,1.00,1.19
2018.01.10 06:07:07.187,8.10544,8.10787,1.00,1.19
2018.01.10 06:07:08.919,8.1054,8.10787,1.00,1.19
2018.01.10 06:07:09.683,8.1054,8.10787,1.00,1.19
2018.01.10 06:07:09.836,8.1054,8.10787,1.00,1.00
2018.01.10 06:07:13.117,8.10545,8.10787,1.00,1.00
2018.01.10 06:07:14.578,8.10541,8.10787,1.00,1.00
2018.01.10 06:07:17.037,8.10543,8.10787,1.00,1.00
2018.01.10 06:07:17.357,8.10548,8.10787,1.00,1.00
2018.01.10 06:07:23.972,8.10541,8.10787,1.00,1.00
2018.01.10 06:07:25.226,8.10538,8.10787,1.00,1.00
2018.01.10 06:07:25.278,8.10538,8.10787,1.00,1.19
2018.01.10 06:07:26.109,8.10538,8.10787,1.00,1.38
2018.01.10 06:07:26.452,8.10538,8.10787,1.00,1.38
2018.01.10 06:07:26.598,8.10538,8.10787,1.00,1.00
2018.01.10 06:07:28.147,8.10542,8.10787,1.00,1.00
2018.01.10 06:07:28.713,8.10542,8.10787,1.00,1.19
2018.01.10 06:07:29.616,8.10542,8.10787,1.00,1.38
2018.01.10 06:07:30.330,8.10546,8.10787,1.00,1.38
2018.01.10 06:07:32.016,8.10536,8.10787,1.38,1.38
2018.01.10 06:07:32.067,8.10536,8.10787,1.00,1.38
2018.01.10 06:07:34.380,8.1055,8.10787,1.00,1.38
2018.01.10 06:07:34.431,8.10554,8.10787,1.00,1.00
2018.01.10 06:07:34.482,8.10549,8.10787,1.00,1.00
2018.01.10 06:07:34.730,8.10564,8.10787,1.00,1.00
2018.01.10 06:07:34.837,8.10554,8.10787,1.00,1.00
2018.01.10 06:07:35.689,8.10553,8.10787,1.00,1.00
2018.01.10 06:07:36.008,8.10553,8.10787,1.00,1.19
2018.01.10 06:07:36.239,8.10542,8.10787,1.38,1.38
2018.01.10 06:07:36.290,8.10542,8.10787,1.00,1.38
2018.01.10 06:07:36.393,8.10521,8.10777,1.00,1.38
2018.01.10 06:07:37.332,8.1052,8.10777,1.00,1.00
2018.01.10 06:07:37.384,8.10522,8.10776,1.25,1.00
2018.01.10 06:07:37.714,8.10534,8.10787,1.00,1.00
2018.01.10 06:07:38.109,8.10534,8.10787,1.00,1.38
2018.01.10 06:07:38.429,8.10534,8.10787,1.00,1.38
2018.01.10 06:07:38.736,8.10534,8.10787,1.00,1.44
2018.01.10 06:07:38.838,8.10521,8.10772,1.00,1.19
2018.01.10 06:07:38.889,8.10521,8.10778,1.00,1.00
2018.01.10 06:07:39.645,8.10521,8.10778,1.00,1.38
2018.01.10 06:07:39.961,8.10516,8.10769,1.00,1.38
2018.01.10 06:07:40.494,8.10516,8.1077,1.50,1.38
2018.01.10 06:07:40.596,8.10516,8.10761,1.50,1.00
2018.01.10 06:07:40.648,8.10517,8.10761,1.00,1.38
2018.01.10 06:07:40.751,8.10517,8.10761,1.00,1.25
2018.01.10 06:07:40.802,8.1052,8.10761,1.00,1.38
2018.01.10 06:07:40.854,8.10516,8.10761,1.50,1.38
2018.01.10 06:07:41.671,8.10516,8.10761,1.50,1.38
2018.01.10 06:07:42.191,8.10516,8.10761,1.50,1.38
2018.01.10 06:07:42.936,8.10516,8.10761,1.50,1.00
2018.01.10 06:07:43.897,8.10523,8.10761,1.00,1.00
2018.01.10 06:07:44.984,8.10523,8.1078,1.00,1.69
2018.01.10 06:07:45.269,8.10523,8.1078,1.00,1.31
2018.01.10 06:07:46.146,8.10543,8.10785,1.00,1.10
2018.01.10 06:07:46.401,8.10534,8.10785,1.00,1.49
2018.01.10 06:07:46.453,8.10534,8.10785,1.00,1.49
2018.01.10 06:07:46.820,8.10549,8.10785,1.00,1.50
2018.01.10 06:07:47.025,8.10541,8.10785,1.00,1.17
2018.01.10 06:07:47.145,8.10532,8.10785,1.38,1.13
2018.01.10 06:07:47.197,8.10532,8.10785,1.00,1.13
2018.01.10 06:07:47.462,8.10537,8.10785,1.00,1.13
2018.01.10 06:07:47.804,8.10549,8.10785,1.00,1.10
2018.01.10 06:07:49.082,8.10539,8.10785,1.00,1.50
2018.01.10 06:07:49.601,8.10539,8.10785,1.00,1.49
2018.01.10 06:07:50.078,8.10536,8.10785,1.00,1.49
2018.01.10 06:07:50.129,8.1054,8.10785,1.00,1.48
2018.01.10 06:07:50.231,8.10527,8.10783,1.00,1.53
2018.01.10 06:07:53.936,8.10527,8.10783,1.00,1.16
2018.01.10 06:07:53.987,8.10538,8.10785,1.00,1.11
2018.01.10 06:07:56.357,8.10529,8.10784,1.00,1.52
2018.01.10 06:07:56.672,8.10529,8.10784,1.00,1.49
2018.01.10 06:07:56.918,8.10529,8.10784,1.00,1.49
2018.01.10 06:07:57.400,8.10537,8.10785,1.00,1.13
2018.01.10 06:07:57.753,8.10546,8.10785,1.00,1.16
2018.01.10 06:07:58.472,8.10545,8.10785,1.00,1.16
2018.01.10 06:07:59.160,8.10545,8.10785,1.00,1.10
2018.01.10 06:08:00.347,8.10529,8.10785,1.38,1.10
2018.01.10 06:08:00.450,8.10545,8.10785,1.00,1.10
2018.01.10 06:08:01.542,8.10547,8.10785,1.00,1.10
2018.01.10 06:08:09.039,8.10545,8.10785,1.00,1.10
2018.01.10 06:08:12.066,8.10545,8.10785,1.00,1.12
2018.01.10 06:08:13.237,8.10543,8.10785,1.00,1.18
2018.01.10 06:08:16.554,8.10542,8.10785,1.00,1.12
2018.01.10 06:08:17.729,8.10542,8.10785,1.00,1.35
2018.01.10 06:08:19.040,8.10542,8.10785,1.00,1.10
2018.01.10 06:08:22.778,8.10542,8.10785,1.00,1.10
2018.01.10 06:08:24.099,8.10543,8.10785,1.00,1.10
2018.01.10 06:08:25.356,8.10543,8.10785,1.00,1.15
2018.01.10 06:08:28.267,8.10539,8.10785,1.25,1.15
2018.01.10 06:08:29.392,8.10539,8.10785,1.19,1.09
2018.01.10 06:08:29.900,8.10539,8.10795,1.19,1.66
2018.01.10 06:08:33.351,8.10548,8.10803,1.00,1.26
2018.01.10 06:08:35.782,8.1055,8.10803,1.00,1.26
2018.01.10 06:08:46.615,8.10549,8.10802,1.00,1.28
2018.01.10 06:08:49.781,8.10559,8.10809,1.00,1.40
2018.01.10 06:08:50.532,8.10559,8.10809,1.00,1.33
2018.01.10 06:08:51.317,8.10559,8.10809,1.00,1.35
2018.01.10 06:08:53.671,8.10568,8.10809,1.00,1.46
2018.01.10 06:08:53.839,8.10559,8.10809,1.00,1.38
2018.01.10 06:08:54.043,8.10569,8.10809,1.00,1.39
2018.01.10 06:08:56.817,8.10559,8.10809,1.19,1.39
2018.01.10 06:08:56.926,8.10559,8.10809,1.00,1.37
2018.01.10 06:08:56.977,8.10549,8.10803,1.00,1.26
2018.01.10 06:08:57.029,8.1054,8.10797,1.00,1.25
2018.01.10 06:08:57.080,8.10549,8.10791,1.00,1.25
2018.01.10 06:08:57.402,8.10565,8.1081,1.00,1.44
2018.01.10 06:08:58.327,8.1057,8.10811,1.00,1.94
2018.01.10 06:08:59.854,8.10573,8.10811,1.00,1.94
2018.01.10 06:09:05.874,8.10575,8.10811,1.00,1.86
2018.01.10 06:09:07.098,8.10575,8.10811,1.00,1.87
2018.01.10 06:09:09.159,8.10574,8.10811,1.00,1.87
2018.01.10 06:09:12.016,8.10574,8.10811,1.00,1.34
2018.01.10 06:09:13.357,8.10571,8.10811,1.00,1.38
2018.01.10 06:09:16.674,8.1057,8.10811,1.00,1.38
2018.01.10 06:09:20.388,8.10576,8.10811,1.00,1.30
2018.01.10 06:09:21.678,8.10576,8.10811,1.00,1.40
2018.01.10 06:09:24.447,8.10553,8.10808,1.19,1.40
2018.01.10 06:09:24.500,8.10552,8.10787,1.00,1.10
2018.01.10 06:09:24.654,8.10514,8.10771,1.00,1.05
2018.01.10 06:09:25.370,8.10514,8.10771,1.00,1.05
2018.01.10 06:09:25.615,8.10523,8.10771,1.00,1.05
2018.01.10 06:09:27.743,8.1054,8.10789,1.25,1.27
2018.01.10 06:09:27.929,8.10535,8.10789,1.00,1.29
2018.01.10 06:09:27.980,8.10528,8.10785,1.00,1.16
2018.01.10 06:09:33.763,8.10524,8.10781,1.00,1.65
2018.01.10 06:09:36.116,8.10512,8.10767,1.00,1.00
2018.01.10 06:09:36.167,8.10511,8.10763,1.00,1.00
2018.01.10 06:09:36.218,8.10513,8.1077,1.00,1.05
2018.01.10 06:09:38.691,8.10511,8.10759,1.00,1.00
2018.01.10 06:09:38.845,8.10486,8.10743,1.00,1.00
2018.01.10 06:09:39.253,8.10488,8.10745,1.00,1.00
2018.01.10 06:09:39.717,8.10488,8.10742,1.00,1.00
2018.01.10 06:09:40.040,8.10488,8.10745,1.00,1.00
2018.01.10 06:09:40.421,8.10488,8.1073,1.00,1.00
2018.01.10 06:09:43.416,8.10492,8.1073,1.00,1.00
2018.01.10 06:09:45.593,8.10489,8.1073,1.00,1.00
2018.01.10 06:09:45.645,8.10493,8.1073,1.00,1.00
2018.01.10 06:09:47.728,8.10493,8.10748,1.00,1.00
2018.01.10 06:09:48.545,8.10493,8.10739,1.00,1.00
2018.01.10 06:09:48.891,8.10519,8.1075,1.00,1.00
2018.01.10 06:09:49.416,8.10521,8.1075,1.00,1.00
2018.01.10 06:09:52.627,8.10523,8.1075,1.00,1.00
2018.01.10 06:09:52.951,8.10527,8.1075,1.00,1.00
2018.01.10 06:09:54.250,8.10521,8.1075,1.00,1.00
2018.01.10 06:09:57.448,8.10535,8.10767,1.00,1.00
2018.01.10 06:09:57.499,8.10546,8.10785,1.00,1.16
2018.01.10 06:09:57.551,8.10527,8.10773,1.00,1.05
2018.01.10 06:09:57.602,8.10537,8.10783,1.00,1.10
2018.01.10 06:09:57.901,8.10533,8.10779,1.00,1.10
2018.01.10 06:09:57.952,8.10518,8.10764,1.19,1.00
2018.01.10 06:09:58.005,8.10518,8.10764,1.00,1.00
2018.01.10 06:09:58.447,8.10521,8.10767,1.00,1.00
2018.01.10 06:10:07.547,8.10515,8.10761,1.00,1.00
2018.01.10 06:10:09.323,8.10516,8.10762,1.00,1.00
2018.01.10 06:10:10.819,8.10521,8.10767,1.00,1.00
2018.01.10 06:10:13.550,8.10526,8.10772,1.00,1.05
2018.01.10 06:10:14.311,8.10547,8.10791,1.00,1.23
2018.01.10 06:10:15.894,8.10543,8.10789,1.00,1.23
2018.01.10 06:10:15.946,8.10537,8.10783,1.00,1.16
2018.01.10 06:10:16.099,8.10534,8.10778,1.00,1.14
2018.01.10 06:10:17.520,8.10534,8.10778,1.00,1.15
2018.01.10 06:10:20.994,8.10532,8.10778,1.00,1.15
2018.01.10 06:10:31.825,8.10531,8.10777,1.00,1.18
2018.01.10 06:10:37.913,8.10527,8.10773,1.00,1.05
2018.01.10 06:10:40.491,8.10518,8.10764,1.00,1.00
2018.01.10 06:10:41.324,8.10527,8.10773,1.00,1.05
2018.01.10 06:10:42.066,8.10518,8.10764,1.00,1.00
2018.01.10 06:10:43.387,8.10526,8.10772,1.00,1.30
2018.01.10 06:10:46.855,8.10527,8.10773,1.00,1.05
2018.01.10 06:10:47.405,8.10531,8.10777,1.00,1.18
2018.01.10 06:10:48.670,8.10528,8.10774,1.00,1.05
2018.01.10 06:10:50.142,8.10524,8.1077,1.00,1.05
2018.01.10 06:10:50.306,8.10519,8.10765,1.00,1.00
2018.01.10 06:10:51.052,8.10518,8.10764,1.00,1.00
2018.01.10 06:10:53.468,8.10509,8.10745,1.00,1.00
2018.01.10 06:10:53.621,8.10482,8.10728,1.00,1.00
2018.01.10 06:10:57.285,8.10486,8.10732,1.00,1.00
2018.01.10 06:10:59.760,8.10511,8.10752,1.00,1.00
2018.01.10 06:11:00.147,8.1052,8.10752,1.00,1.00
2018.01.10 06:11:02.153,8.10502,8.10748,1.00,1.00
2018.01.10 06:11:02.205,8.10498,8.10744,1.00,1.00
2018.01.10 06:11:06.083,8.10496,8.10742,1.00,1.00
2018.01.10 06:11:07.249,8.10494,8.1074,1.00,1.00
2018.01.10 06:11:09.444,8.10493,8.10737,1.00,1.00
2018.01.10 06:11:09.665,8.10496,8.10743,1.00,1.00
2018.01.10 06:11:12.967,8.1051,8.10749,1.00,1.00
2018.01.10 06:11:13.378,8.10516,8.10753,1.00,1.00
2018.01.10 06:11:13.484,8.1051,8.10753,1.00,1.00
2018.01.10 06:11:13.677,8.10512,8.10753,1.00,1.00
2018.01.10 06:11:13.944,8.105,8.10746,1.00,1.00
2018.01.10 06:11:13.996,8.10497,8.10743,1.00,1.00
2018.01.10 06:11:14.911,8.10476,8.10722,1.00,1.00
2018.01.10 06:11:15.227,8.10475,8.10702,1.00,1.00
2018.01.10 06:11:16.414,8.10477,8.10723,1.00,1.19
2018.01.10 06:11:16.465,8.10477,8.10723,1.00,1.00
2018.01.10 06:11:16.517,8.10483,8.10728,1.00,1.00
2018.01.10 06:11:17.083,8.10486,8.10728,1.00,1.00
2018.01.10 06:11:18.963,8.10478,8.10724,1.25,1.00
2018.01.10 06:11:19.015,8.10476,8.10711,1.00,1.00
2018.01.10 06:11:19.427,8.10475,8.10705,1.00,1.00
2018.01.10 06:11:20.265,8.10475,8.10712,1.00,1.00
2018.01.10 06:11:20.798,8.10475,8.1071,1.00,1.00
2018.01.10 06:11:21.729,8.10475,8.10705,1.00,1.00
2018.01.10 06:11:22.437,8.10476,8.10705,1.00,1.00
2018.01.10 06:11:26.729,8.10475,8.10705,1.00,1.00
2018.01.10 06:11:29.393,8.10459,8.10705,1.00,1.00
2018.01.10 06:11:29.566,8.10463,8.10709,1.00,1.00
2018.01.10 06:11:31.972,8.10461,8.10707,1.00,1.00
2018.01.10 06:11:32.471,8.10458,8.10704,1.00,1.00
2018.01.10 06:11:35.539,8.10463,8.10707,1.00,1.00
2018.01.10 06:11:35.591,8.10468,8.10714,1.00,1.00
2018.01.10 06:11:36.187,8.10465,8.10711,1.00,1.00
2018.01.10 06:11:37.074,8.10465,8.10709,1.00,1.00
2018.01.10 06:11:37.417,8.1046,8.10706,1.00,1.00
2018.01.10 06:11:38.100,8.10459,8.10706,1.00,1.00
2018.01.10 06:11:39.480,8.10457,8.10703,1.00,1.00
2018.01.10 06:11:43.535,8.10443,8.10683,1.25,1.00
2018.01.10 06:11:43.852,8.10442,8.10674,1.00,1.00
2018.01.10 06:11:46.030,8.10442,8.10678,1.00,1.00
2018.01.10 06:11:46.586,8.10442,8.10683,1.00,1.00
2018.01.10 06:11:47.698,8.10443,8.10683,1.00,1.00
2018.01.10 06:11:48.408,8.10437,8.10683,1.00,1.00
2018.01.10 06:11:51.172,8.10435,8.10681,1.00,1.00
2018.01.10 06:11:52.167,8.10428,8.10672,1.25,1.00
2018.01.10 06:11:58.701,8.10428,8.10674,1.00,1.00
2018.01.10 06:12:02.006,8.10429,8.10675,1.00,1.00
2018.01.10 06:12:02.805,8.10431,8.10677,1.00,1.00
2018.01.10 06:12:03.147,8.10453,8.10699,1.00,1.00
2018.01.10 06:12:06.211,8.10456,8.10701,1.00,1.00
2018.01.10 06:12:08.810,8.10447,8.10693,1.00,1.00
2018.01.10 06:12:09.519,8.10449,8.10693,1.00,1.00
2018.01.10 06:12:10.883,8.10449,8.10693,1.00,1.44
2018.01.10 06:12:12.066,8.10449,8.10693,1.00,1.38
2018.01.10 06:12:12.373,8.10449,8.10693,1.00,1.38
2018.01.10 06:12:13.717,8.10443,8.10689,1.00,1.38
2018.01.10 06:12:14.662,8.10443,8.10689,1.00,1.00
2018.01.10 06:12:15.416,8.10443,8.10689,1.00,1.19
2018.01.10 06:12:15.984,8.10443,8.10689,1.00,1.38
2018.01.10 06:12:16.639,8.10455,8.10699,1.00,1.00
2018.01.10 06:12:16.691,8.10457,8.10703,1.00,1.00
2018.01.10 06:12:21.123,8.1045,8.10694,1.25,1.00
2018.01.10 06:12:24.565,8.10444,8.1069,1.00,1.00
2018.01.10 06:12:24.991,8.10454,8.107,1.00,1.00
2018.01.10 06:12:28.457,8.10454,8.107,1.00,1.19
2018.01.10 06:12:28.559,8.10446,8.1069,1.00,1.00
2018.01.10 06:12:29.293,8.10455,8.10701,1.00,1.00
2018.01.10 06:12:33.670,8.10446,8.10692,1.38,1.00
2018.01.10 06:12:33.721,8.10446,8.10692,1.00,1.00
2018.01.10 06:12:34.330,8.10454,8.107,1.00,1.00
2018.01.10 06:12:35.427,8.10454,8.107,1.00,1.19
2018.01.10 06:12:36.870,8.10454,8.107,1.00,1.00
2018.01.10 06:12:39.174,8.10472,8.10704,1.00,1.00
2018.01.10 06:12:39.226,8.10474,8.10717,1.00,1.17
2018.01.10 06:12:39.278,8.10487,8.10728,1.00,1.12
2018.01.10 06:12:39.602,8.10505,8.10743,1.00,1.07
2018.01.10 06:12:40.185,8.10496,8.10742,1.00,2.03
2018.01.10 06:12:40.542,8.10491,8.10737,1.00,1.47
2018.01.10 06:12:43.777,8.10493,8.10738,1.00,1.02
2018.01.10 06:12:45.812,8.10487,8.10734,1.00,1.93
2018.01.10 06:12:47.094,8.10488,8.10732,1.00,1.88
2018.01.10 06:12:47.560,8.1048,8.10726,1.00,1.69
2018.01.10 06:12:48.347,8.10476,8.10722,1.00,1.38
2018.01.10 06:12:50.016,8.10476,8.10722,1.19,1.63
2018.01.10 06:12:51.290,8.10476,8.10722,1.38,1.28
2018.01.10 06:12:51.404,8.10476,8.10722,1.38,1.33
2018.01.10 06:12:59.481,8.10476,8.10722,1.38,1.38
2018.01.10 06:13:00.508,8.10484,8.1073,1.19,1.49
2018.01.10 06:13:00.610,8.10484,8.1073,1.00,1.49
2018.01.10 06:13:01.382,8.10484,8.1073,1.00,1.61
2018.01.10 06:13:02.160,8.10486,8.10732,1.00,1.61
2018.01.10 06:13:02.600,8.10513,8.10748,1.00,1.08
2018.01.10 06:13:03.082,8.10519,8.10748,1.00,1.08
2018.01.10 06:13:03.759,8.10519,8.10756,1.00,1.84
2018.01.10 06:13:04.560,8.10498,8.10744,1.00,1.70
2018.01.10 06:13:04.614,8.10493,8.10739,1.00,1.58
2018.01.10 06:13:04.717,8.10491,8.10737,1.00,1.47
2018.01.10 06:13:06.322,8.10493,8.10739,1.00,1.73
2018.01.10 06:13:09.639,8.10491,8.10738,1.00,1.79
2018.01.10 06:13:11.935,8.10491,8.10738,1.00,1.76
2018.01.10 06:13:11.986,8.10507,8.10752,1.00,1.96
2018.01.10 06:13:12.038,8.10498,8.10744,1.00,1.76
2018.01.10 06:13:12.089,8.10504,8.10748,1.00,1.96
2018.01.10 06:13:12.302,8.10492,8.10738,1.00,1.76
2018.01.10 06:13:12.529,8.10501,8.10747,1.00,2.03
2018.01.10 06:13:13.646,8.10483,8.10738,1.44,1.10
2018.01.10 06:13:14.013,8.10479,8.10738,1.00,1.10
2018.01.10 06:13:15.147,8.1048,8.10741,1.00,1.18
2018.01.10 06:13:15.198,8.10479,8.10707,1.00,1.19
2018.01.10 06:13:15.250,8.1048,8.10707,1.00,1.00
2018.01.10 06:13:15.609,8.10491,8.10726,1.00,1.31
2018.01.10 06:13:15.660,8.10487,8.10726,1.00,1.31
2018.01.10 06:13:16.281,8.10473,8.10722,1.00,1.69
2018.01.10 06:13:17.154,8.10472,8.10719,1.00,1.53
2018.01.10 06:13:17.472,8.10466,8.1072,1.00,1.53
2018.01.10 06:13:17.524,8.10461,8.1072,1.00,1.71
2018.01.10 06:13:17.956,8.10461,8.10712,1.00,1.09
2018.01.10 06:13:18.008,8.1047,8.10712,1.00,1.09
2018.01.10 06:13:18.804,8.10486,8.1073,1.00,1.96
2018.01.10 06:13:19.154,8.10491,8.10733,1.00,1.94
2018.01.10 06:13:19.455,8.10491,8.10738,1.38,1.72
2018.01.10 06:13:19.506,8.10496,8.10738,1.00,1.72
2018.01.10 06:13:19.627,8.10502,8.10738,1.00,1.72
2018.01.10 06:13:20.014,8.10518,8.10738,1.00,1.83
2018.01.10 06:13:21.156,8.10518,8.10737,1.00,1.58
2018.01.10 06:13:22.125,8.10519,8.10748,1.00,1.00
2018.01.10 06:13:24.669,8.10525,8.10763,1.00,1.89
2018.01.10 06:13:25.573,8.10521,8.10763,1.00,1.89
2018.01.10 06:13:25.625,8.10515,8.10762,1.00,1.91
2018.01.10 06:13:25.676,8.1051,8.10756,1.00,1.91
2018.01.10 06:13:26.171,8.10507,8.10751,1.00,1.84
2018.01.10 06:13:27.024,8.10501,8.10747,1.00,1.68
2018.01.10 06:13:32.228,8.10503,8.10748,1.00,1.86
2018.01.10 06:13:32.986,8.10521,8.10763,1.00,1.79
2018.01.10 06:13:33.758,8.10522,8.10763,1.00,1.79
2018.01.10 06:13:34.194,8.1053,8.10763,1.00,1.79
2018.01.10 06:13:36.383,8.10532,8.10763,1.00,1.79
2018.01.10 06:13:37.392,8.10535,8.10763,1.00,1.79
2018.01.10 06:13:39.699,8.10537,8.10763,1.00,1.79
2018.01.10 06:13:40.386,8.1054,8.10763,1.00,1.79
2018.01.10 06:13:41.214,8.1054,8.10747,1.00,1.01
2018.01.10 06:13:41.395,8.10537,8.10763,1.00,1.86
2018.01.10 06:13:41.964,8.10522,8.10763,1.00,1.88
2018.01.10 06:13:42.990,8.10522,8.10763,1.00,1.96
2018.01.10 06:13:43.092,8.10527,8.10763,1.00,1.85
2018.01.10 06:13:43.262,8.10522,8.10763,1.00,1.85
2018.01.10 06:13:43.897,8.10517,8.10763,1.00,1.91
2018.01.10 06:13:49.445,8.1053,8.10776,1.00,1.86
2018.01.10 06:13:49.751,8.10548,8.10792,1.00,1.91
2018.01.10 06:13:50.430,8.10548,8.10792,1.00,1.91
2018.01.10 06:13:52.011,8.1054,8.10786,1.00,1.91
2018.01.10 06:13:53.159,8.1054,8.10786,1.00,2.00
2018.01.10 06:13:54.729,8.10543,8.10789,1.00,2.00
2018.01.10 06:13:55.361,8.10526,8.10772,1.00,1.73
2018.01.10 06:13:55.412,8.10529,8.10773,1.00,1.90
2018.01.10 06:13:55.464,8.10524,8.10747,1.00,1.00
2018.01.10 06:13:56.299,8.10536,8.10747,1.00,1.00
2018.01.10 06:13:56.614,8.1054,8.10748,1.00,1.07
2018.01.10 06:13:56.806,8.10538,8.10748,1.00,1.07
2018.01.10 06:13:58.927,8.10539,8.10748,1.00,1.07
2018.01.10 06:14:02.056,8.10549,8.10785,1.00,1.71
2018.01.10 06:14:02.108,8.10535,8.10781,1.00,1.71
2018.01.10 06:14:02.245,8.10537,8.10783,1.00,1.71
2018.01.10 06:14:02.982,8.1054,8.10784,1.00,1.81
2018.01.10 06:14:03.878,8.10535,8.10781,1.00,1.81
2018.01.10 06:14:09.759,8.10529,8.10775,1.00,1.80
2018.01.10 06:14:12.717,8.10535,8.10781,1.00,1.80
2018.01.10 06:14:13.957,8.10537,8.10783,1.00,1.80
2018.01.10 06:14:16.255,8.10532,8.10778,1.00,1.80
2018.01.10 06:14:16.307,8.10524,8.1077,1.00,1.80
2018.01.10 06:14:16.543,8.10521,8.10765,1.00,1.80
2018.01.10 06:14:17.970,8.10521,8.10765,1.00,1.87
2018.01.10 06:14:18.022,8.10514,8.1076,1.00,1.87
2018.01.10 06:14:20.275,8.10518,8.10764,1.00,1.87
2018.01.10 06:14:20.670,8.10528,8.10769,1.00,1.88
2018.01.10 06:14:24.789,8.10526,8.10769,1.00,1.88
2018.01.10 06:14:27.904,8.10529,8.10748,1.00,1.04
2018.01.10 06:14:28.569,8.10535,8.10769,1.00,1.82
2018.01.10 06:14:28.906,8.10527,8.10769,1.00,1.82
2018.01.10 06:14:32.011,8.10526,8.10769,1.00,1.82
2018.01.10 06:14:32.317,8.10528,8.10769,1.00,1.81
2018.01.10 06:14:33.476,8.10511,8.10769,1.00,1.90
2018.01.10 06:14:35.433,8.10523,8.10774,1.38,1.93
2018.01.10 06:14:35.485,8.10528,8.10774,1.00,1.79
2018.01.10 06:14:35.536,8.1053,8.10774,1.00,1.82
2018.01.10 06:14:35.844,8.10541,8.10748,1.00,1.02
2018.01.10 06:14:36.180,8.10543,8.10748,1.00,1.01
2018.01.10 06:14:37.505,8.10538,8.10774,1.00,1.88
2018.01.10 06:14:38.513,8.10541,8.10793,1.56,1.17
2018.01.10 06:14:39.090,8.10548,8.10738,1.00,1.13
2018.01.10 06:14:39.462,8.1056,8.10718,1.00,1.31
2018.01.10 06:14:40.315,8.1056,8.10718,1.19,1.11
2018.01.10 06:14:40.469,8.10587,8.10832,1.00,1.37
2018.01.10 06:14:40.622,8.10587,8.10832,1.00,1.00
2018.01.10 06:14:41.606,8.10593,8.10832,1.00,1.00
2018.01.10 06:14:47.334,8.10595,8.10832,1.00,1.00
2018.01.10 06:14:51.532,8.10594,8.10832,1.00,1.00
2018.01.10 06:14:52.180,8.10603,8.10832,1.00,1.00
2018.01.10 06:14:52.334,8.10621,8.10865,1.00,1.00
2018.01.10 06:14:52.436,8.10629,8.10875,1.00,1.00
2018.01.10 06:14:54.849,8.10628,8.10874,1.00,1.00
2018.01.10 06:14:55.839,8.10625,8.10872,1.00,1.00
2018.01.10 06:14:59.095,8.10627,8.10873,1.00,1.00
2018.01.10 06:14:59.434,8.10618,8.10864,1.00,1.00
2018.01.10 06:15:00.067,8.10618,8.10862,1.00,1.00
2018.01.10 06:15:02.855,8.1063,8.10876,1.00,1.38
2018.01.10 06:15:03.071,8.1063,8.10876,1.00,1.00
2018.01.10 06:15:03.318,8.10637,8.1088,1.00,1.00
2018.01.10 06:15:03.625,8.10657,8.10893,1.00,1.00
2018.01.10 06:15:03.969,8.1066,8.10893,1.00,1.00
2018.01.10 06:15:04.515,8.10649,8.10893,1.00,1.00
2018.01.10 06:15:04.865,8.10657,8.10892,1.00,1.00
2018.01.10 06:15:06.024,8.10657,8.10893,1.00,1.00
2018.01.10 06:15:06.127,8.10648,8.10893,1.00,1.00
2018.01.10 06:15:07.034,8.10648,8.10893,1.00,1.44
2018.01.10 06:15:07.155,8.1064,8.10884,1.00,1.00
2018.01.10 06:15:07.501,8.10652,8.10893,1.00,1.00
2018.01.10 06:15:07.552,8.10645,8.10889,1.25,1.00
2018.01.10 06:15:09.345,8.10635,8.10879,1.44,1.00
2018.01.10 06:15:09.879,8.10635,8.10882,1.00,1.00
2018.01.10 06:15:10.004,8.10635,8.10882,1.19,1.00
2018.01.10 06:15:11.495,8.10635,8.10882,1.38,1.00
2018.01.10 06:15:11.547,8.10635,8.10882,1.00,1.00
2018.01.10 06:15:12.076,8.10635,8.10882,1.00,1.38
2018.01.10 06:15:12.624,8.10636,8.1088,1.00,1.38
2018.01.10 06:15:12.856,8.10624,8.1087,1.00,1.00
2018.01.10 06:15:12.908,8.10617,8.10861,1.25,1.00
2018.01.10 06:15:13.425,8.10618,8.10861,1.25,1.25
2018.01.10 06:15:13.987,8.10617,8.10861,1.25,1.00
2018.01.10 06:15:14.789,8.10617,8.10862,1.25,1.00
2018.01.10 06:15:14.891,8.10625,8.10871,1.00,1.00
2018.01.10 06:15:15.141,8.10617,8.10863,1.88,1.00
2018.01.10 06:15:15.193,8.10612,8.10859,1.00,1.00
2018.01.10 06:15:15.722,8.10619,8.10858,1.00,1.00
2018.01.10 06:15:16.892,8.10619,8.10859,1.00,1.00
2018.01.10 06:15:17.521,8.10617,8.10859,1.00,1.00
2018.01.10 06:15:19.125,8.10617,8.10858,1.00,1.00
2018.01.10 06:15:19.278,8.10619,8.10859,1.00,1.00
2018.01.10 06:15:19.811,8.10619,8.10858,1.00,1.00
2018.01.10 06:15:21.523,8.10619,8.10859,1.00,1.00
2018.01.10 06:15:21.873,8.10638,8.10859,1.00,1.00
2018.01.10 06:15:21.924,8.1063,8.10859,1.00,1.00
2018.01.10 06:15:22.027,8.10638,8.10859,1.00,1.00
2018.01.10 06:15:22.173,8.10638,8.10884,1.00,1.88
2018.01.10 06:15:22.386,8.10619,8.10865,1.00,1.00
2018.01.10 06:15:23.676,8.10631,8.10884,1.00,1.75
2018.01.10 06:15:23.728,8.10631,8.10895,1.00,1.38
2018.01.10 06:15:23.779,8.10623,8.10894,1.00,1.38
2018.01.10 06:15:24.085,8.10621,8.10867,1.00,1.38
2018.01.10 06:15:24.615,8.10621,8.10867,1.00,1.38
2018.01.10 06:15:24.667,8.10617,8.10862,1.00,1.38
2018.01.10 06:15:24.923,8.10617,8.10862,1.00,1.25
2018.01.10 06:15:26.250,8.10617,8.10862,1.00,1.38
2018.01.10 06:15:26.837,8.10623,8.10863,1.00,1.38
2018.01.10 06:15:27.473,8.10623,8.10863,1.00,1.44
2018.01.10 06:15:27.575,8.10617,8.10863,1.50,1.44
2018.01.10 06:15:28.028,8.10637,8.10883,1.00,1.00
2018.01.10 06:15:29.107,8.10636,8.10882,1.00,1.00
2018.01.10 06:15:30.261,8.10641,8.10884,1.00,1.00
2018.01.10 06:15:31.827,8.10638,8.10882,1.00,1.00
2018.01.10 06:15:32.425,8.10639,8.10884,1.00,1.00
2018.01.10 06:15:35.836,8.10643,8.10884,1.00,1.00
2018.01.10 06:15:36.035,8.10671,8.10917,1.00,1.00
2018.01.10 06:15:36.086,8.10675,8.10919,1.00,1.00
2018.01.10 06:15:36.520,8.10679,8.10923,1.00,1.00
2018.01.10 06:15:36.863,8.10684,8.10928,1.00,1.00
2018.01.10 06:15:37.224,8.10692,8.10929,1.00,1.00
2018.01.10 06:15:37.276,8.10711,8.10955,1.00,1.00
2018.01.10 06:15:37.381,8.10714,8.1096,1.00,1.00
2018.01.10 06:15:39.977,8.1071,8.10956,1.00,1.00
2018.01.10 06:15:42.070,8.10706,8.10952,1.00,1.00
2018.01.10 06:15:42.499,8.1069,8.10936,1.50,1.00
2018.01.10 06:15:44.402,8.10697,8.10943,1.00,1.00
2018.01.10 06:15:44.717,8.10709,8.10948,1.00,1.00
2018.01.10 06:15:46.600,8.10709,8.10955,1.00,1.00
2018.01.10 06:15:47.281,8.10721,8.10963,1.00,1.44
2018.01.10 06:15:47.487,8.10719,8.10962,1.00,1.00
2018.01.10 06:15:47.538,8.10713,8.1096,1.00,1.00
2018.01.10 06:15:47.759,8.1071,8.10955,1.00,1.00
2018.01.10 06:15:47.810,8.10715,8.10961,1.00,1.00
2018.01.10 06:15:47.861,8.10711,8.10957,1.00,1.00
2018.01.10 06:15:48.727,8.10719,8.10963,1.00,1.00
2018.01.10 06:15:49.724,8.10723,8.10963,1.00,1.00
2018.01.10 06:15:50.267,8.10714,8.1096,1.00,1.00
2018.01.10 06:15:50.422,8.10707,8.10954,1.00,1.00
2018.01.10 06:15:50.526,8.10704,8.10948,1.00,1.00
2018.01.10 06:15:50.890,8.10714,8.10959,1.00,1.00
2018.01.10 06:15:50.941,8.10724,8.10963,1.00,1.00
2018.01.10 06:15:51.247,8.10735,8.10963,1.00,1.00
2018.01.10 06:15:51.400,8.10739,8.10985,1.00,1.50
2018.01.10 06:15:54.544,8.10739,8.10985,1.00,1.69
2018.01.10 06:15:54.787,8.10739,8.10985,1.00,1.50
2018.01.10 06:15:54.838,8.10739,8.10985,1.00,1.69
2018.01.10 06:15:54.969,8.10737,8.10983,1.00,1.25
2018.01.10 06:15:57.025,8.10737,8.10983,1.00,1.38
2018.01.10 06:15:57.132,8.10737,8.10983,1.00,1.00
2018.01.10 06:15:57.468,8.10731,8.10977,1.00,1.00
2018.01.10 06:15:57.774,8.1074,8.10985,1.00,1.19
2018.01.10 06:15:58.190,8.10743,8.10985,1.00,1.00
2018.01.10 06:15:58.241,8.10752,8.10985,1.00,1.00
2018.01.10 06:15:59.347,8.10752,8.10998,1.00,1.00
2018.01.10 06:16:00.037,8.10748,8.10994,1.00,1.00
2018.01.10 06:16:00.089,8.10735,8.10982,1.00,1.00
2018.01.10 06:16:00.409,8.10739,8.10986,1.00,1.00
2018.01.10 06:16:00.720,8.10739,8.10983,1.00,1.00
2018.01.10 06:16:01.050,8.10778,8.10999,1.00,1.00
2018.01.10 06:16:01.102,8.10793,8.11039,1.00,1.00
2018.01.10 06:16:01.267,8.10789,8.11036,1.00,1.00
2018.01.10 06:16:01.603,8.10793,8.1104,1.00,1.00
2018.01.10 06:16:02.487,8.10791,8.11037,1.00,1.00
2018.01.10 06:16:02.838,8.10773,8.11019,1.00,1.00
2018.01.10 06:16:03.166,8.10766,8.11,1.00,1.00
2018.01.10 06:16:03.269,8.10753,8.11,1.00,1.00
2018.01.10 06:16:03.320,8.1075,8.10996,1.12,1.00
2018.01.10 06:16:03.672,8.10745,8.10991,1.00,1.38
2018.01.10 06:16:03.726,8.10745,8.10991,1.00,1.00
2018.01.10 06:16:04.600,8.10754,8.11,1.00,1.25
2018.01.10 06:16:05.451,8.10757,8.11002,1.00,1.00
2018.01.10 06:16:05.762,8.10765,8.11002,1.00,1.00
2018.01.10 06:16:08.715,8.10759,8.11002,1.00,1.00
2018.01.10 06:16:08.887,8.10763,8.11002,1.00,1.00
2018.01.10 06:16:10.043,8.10767,8.11002,1.00,1.00
2018.01.10 06:16:11.547,8.10767,8.10898,1.00,1.82
2018.01.10 06:16:11.599,8.10743,8.10898,1.00,1.63
2018.01.10 06:16:11.701,8.10745,8.10996,1.00,1.46
2018.01.10 06:16:11.803,8.10733,8.10979,1.00,1.46
2018.01.10 06:16:12.058,8.10738,8.10984,1.00,1.27
2018.01.10 06:16:12.211,8.10734,8.1098,1.00,1.27
2018.01.10 06:16:12.891,8.10732,8.1097,1.00,1.46
2018.01.10 06:16:14.324,8.10732,8.10958,1.00,1.46
2018.01.10 06:16:14.872,8.10732,8.10968,1.00,1.46
2018.01.10 06:16:15.340,8.10736,8.10979,1.00,1.46
2018.01.10 06:16:15.665,8.10733,8.10965,1.00,1.46
2018.01.10 06:16:16.172,8.10732,8.10976,1.00,1.46
2018.01.10 06:16:16.739,8.10732,8.10976,1.00,1.46
2018.01.10 06:16:17.241,8.10733,8.10967,1.00,1.46
2018.01.10 06:16:17.872,8.10732,8.1096,1.00,1.46
2018.01.10 06:16:18.458,8.10693,8.10936,1.19,1.05
2018.01.10 06:16:18.973,8.10697,8.10943,1.19,1.05
2018.01.10 06:16:20.168,8.10695,8.10941,1.19,1.05
2018.01.10 06:16:20.277,8.10705,8.10949,1.19,1.42
2018.01.10 06:16:20.379,8.10707,8.10954,1.19,1.05
2018.01.10 06:16:22.179,8.10693,8.10921,1.00,1.05
2018.01.10 06:16:22.701,8.10694,8.10916,1.00,1.05
2018.01.10 06:16:23.245,8.10693,8.10916,1.00,1.05
2018.01.10 06:16:24.445,8.10694,8.10912,1.00,1.30
2018.01.10 06:16:25.010,8.10693,8.10907,1.00,1.05
2018.01.10 06:16:25.113,8.10661,8.10907,1.00,1.05
2018.01.10 06:16:27.995,8.10663,8.10913,1.00,1.30
2018.01.10 06:16:28.339,8.10742,8.1099,1.00,1.05
2018.01.10 06:16:28.659,8.10757,8.11014,1.00,1.30
2018.01.10 06:16:29.003,8.10749,8.11005,1.00,1.05
2018.01.10 06:16:29.612,8.10749,8.11005,1.00,1.46
2018.01.10 06:16:30.146,8.10749,8.11005,1.00,1.65
2018.01.10 06:16:30.335,8.10743,8.10998,1.00,1.46
2018.01.10 06:16:30.980,8.10742,8.10998,1.00,1.65
2018.01.10 06:16:31.541,8.10742,8.11003,1.50,1.46
2018.01.10 06:16:32.056,8.10742,8.11003,1.50,1.65
2018.01.10 06:16:32.684,8.10742,8.10986,1.00,1.65
2018.01.10 06:16:34.469,8.10742,8.1098,1.00,1.46
2018.01.10 06:16:34.987,8.10742,8.1098,1.00,1.46
2018.01.10 06:16:35.831,8.10742,8.1098,1.00,1.65
2018.01.10 06:16:36.539,8.10723,8.1098,1.00,1.65
2018.01.10 06:16:37.072,8.10723,8.10975,1.00,1.27
2018.01.10 06:16:37.533,8.10743,8.10975,1.00,1.46
2018.01.10 06:16:38.016,8.10735,8.10975,1.44,1.46
2018.01.10 06:16:38.553,8.10735,8.10974,1.00,1.46
2018.01.10 06:16:39.028,8.10727,8.10974,1.38,1.46
2018.01.10 06:16:39.080,8.10727,8.10974,1.00,1.46
2018.01.10 06:16:40.059,8.1073,8.10975,1.00,1.46
2018.01.10 06:16:40.678,8.1073,8.10975,1.00,1.46
2018.01.10 06:16:40.789,8.10724,8.10975,1.00,1.46
2018.01.10 06:16:41.297,8.10725,8.10975,1.00,1.46
2018.01.10 06:16:41.348,8.10702,8.10975,1.00,1.23
2018.01.10 06:16:41.400,8.10702,8.10975,1.00,1.00
2018.01.10 06:16:41.451,8.10728,8.10975,1.00,1.00
2018.01.10 06:16:41.503,8.10724,8.10975,1.00,1.00
2018.01.10 06:16:41.554,8.10728,8.10975,1.00,1.00
2018.01.10 06:16:41.605,8.10702,8.10975,1.00,1.00
2018.01.10 06:16:41.709,8.10742,8.10988,1.00,1.00
2018.01.10 06:16:42.006,8.10791,8.11048,1.00,1.87
2018.01.10 06:16:42.160,8.10802,8.10995,1.00,1.00
2018.01.10 06:16:43.040,8.10798,8.10992,1.00,1.00
2018.01.10 06:16:44.257,8.1079,8.10984,1.44,1.00
2018.01.10 06:16:44.913,8.1079,8.10984,1.00,1.00
2018.01.10 06:16:46.096,8.10772,8.10966,1.00,1.00
2018.01.10 06:16:46.402,8.10795,8.10989,1.00,1.00
2018.01.10 06:16:49.931,8.10801,8.10995,1.00,1.00
2018.01.10 06:16:50.206,8.10787,8.10982,1.00,1.00
2018.01.10 06:16:50.513,8.10782,8.10974,1.00,1.00
2018.01.10 06:16:50.616,8.10806,8.11,1.00,1.00
2018.01.10 06:16:50.667,8.10797,8.10989,1.00,1.00
2018.01.10 06:16:50.718,8.1079,8.10984,1.00,1.00
2018.01.10 06:16:50.934,8.10772,8.10967,1.38,1.00
2018.01.10 06:16:50.985,8.10772,8.10967,1.00,1.00
2018.01.10 06:16:51.037,8.1077,8.10961,1.00,1.00
2018.01.10 06:16:51.176,8.10778,8.1097,1.00,1.00
2018.01.10 06:16:51.337,8.10787,8.10979,1.00,1.00
2018.01.10 06:16:51.779,8.10789,8.10981,1.00,1.00
2018.01.10 06:16:52.061,8.10777,8.1097,1.00,1.00
2018.01.10 06:16:52.113,8.10781,8.10976,1.00,1.00
2018.01.10 06:16:52.266,8.10786,8.1098,1.00,1.00
2018.01.10 06:16:54.821,8.10791,8.10985,1.00,1.00
2018.01.10 06:16:55.159,8.10789,8.10981,1.00,1.00
2018.01.10 06:16:56.799,8.10797,8.10991,1.00,1.00
2018.01.10 06:16:56.918,8.10802,8.10996,1.00,1.00
2018.01.10 06:16:56.970,8.10788,8.10983,1.00,1.00
2018.01.10 06:16:57.526,8.10797,8.10991,1.00,1.00
2018.01.10 06:16:58.109,8.10788,8.10982,1.38,1.00
2018.01.10 06:16:58.161,8.10788,8.10982,1.00,1.00
2018.01.10 06:16:59.191,8.10787,8.10981,1.00,1.00
2018.01.10 06:17:01.986,8.10795,8.10989,1.00,1.00
2018.01.10 06:17:02.604,8.10803,8.10997,1.00,1.00
2018.01.10 06:17:02.910,8.10807,8.11001,1.00,1.00
2018.01.10 06:17:03.115,8.10825,8.1102,1.00,1.00
2018.01.10 06:17:03.935,8.10817,8.11011,1.38,1.00
2018.01.10 06:17:05.956,8.10805,8.10999,1.38,1.00
2018.01.10 06:17:06.115,8.10801,8.10995,1.00,1.00
2018.01.10 06:17:06.372,8.1081,8.11004,1.00,1.00
2018.01.10 06:17:06.717,8.10814,8.11008,1.00,1.00
2018.01.10 06:17:10.119,8.10812,8.11007,1.00,1.00
2018.01.10 06:17:11.399,8.10806,8.11,1.00,1.00
2018.01.10 06:17:12.033,8.10802,8.10997,1.00,1.00
2018.01.10 06:17:13.129,8.10815,8.11009,1.00,1.00
2018.01.10 06:17:14.164,8.10805,8.11,1.00,1.00
2018.01.10 06:17:17.635,8.10803,8.10995,1.00,1.00
2018.01.10 06:17:20.062,8.10799,8.10993,1.00,1.00
2018.01.10 06:17:20.164,8.10795,8.10989,1.00,1.00
2018.01.10 06:17:20.215,8.10798,8.10993,1.00,1.00
2018.01.10 06:17:21.045,8.10794,8.10987,1.00,1.00
2018.01.10 06:17:21.202,8.10769,8.10981,1.00,1.00
2018.01.10 06:17:21.253,8.10769,8.10963,1.00,1.00
2018.01.10 06:17:21.468,8.10775,8.1097,1.00,1.00
2018.01.10 06:17:21.725,8.10771,8.10966,1.00,1.00
2018.01.10 06:17:21.828,8.10781,8.10978,1.00,1.00
2018.01.10 06:17:22.147,8.10774,8.10967,1.38,1.00
2018.01.10 06:17:22.198,8.10774,8.10967,1.00,1.00
2018.01.10 06:17:23.608,8.10755,8.10946,1.00,1.00
2018.01.10 06:17:23.710,8.10741,8.10935,1.00,1.00
2018.01.10 06:17:23.992,8.10755,8.10947,1.00,1.00
2018.01.10 06:17:24.502,8.10745,8.10939,1.00,1.00
2018.01.10 06:17:25.149,8.1074,8.10934,1.00,1.00
2018.01.10 06:17:25.610,8.10737,8.10929,1.00,1.00
2018.01.10 06:17:25.672,8.10744,8.10938,1.00,1.00
2018.01.10 06:17:25.867,8.10749,8.10943,1.00,1.00
2018.01.10 06:17:28.334,8.10754,8.10946,1.00,1.00
2018.01.10 06:17:28.386,8.10758,8.10952,1.00,1.00
2018.01.10 06:17:28.540,8.10762,8.10956,1.00,1.00
2018.01.10 06:17:28.643,8.10753,8.10948,1.00,1.00
2018.01.10 06:17:28.898,8.10764,8.10956,1.00,1.00
2018.01.10 06:17:29.102,8.10753,8.10947,1.00,1.00
2018.01.10 06:17:29.204,8.1075,8.10942,1.00,1.00
2018.01.10 06:17:29.648,8.1075,8.10938,1.00,1.00
2018.01.10 06:17:30.349,8.10751,8.10938,1.00,1.00
2018.01.10 06:17:30.666,8.1075,8.10934,1.00,1.00
2018.01.10 06:17:32.408,8.10758,8.10953,1.00,1.00
2018.01.10 06:17:32.459,8.10762,8.10956,1.00,1.00
2018.01.10 06:17:32.969,8.10763,8.10957,1.00,1.00
2018.01.10 06:17:33.575,8.10763,8.10999,1.00,1.00
2018.01.10 06:17:36.754,8.10766,8.11002,1.00,1.00
2018.01.10 06:17:36.805,8.10761,8.10998,1.00,1.00
2018.01.10 06:17:37.294,8.1077,8.11006,1.00,1.00
2018.01.10 06:17:37.866,8.10774,8.1101,1.00,1.00
2018.01.10 06:17:45.110,8.10782,8.11019,1.00,1.50
2018.01.10 06:17:51.633,8.10791,8.11019,1.00,1.00
2018.01.10 06:17:51.842,8.10781,8.11017,1.38,1.00
2018.01.10 06:17:51.894,8.10781,8.11017,1.00,1.00
2018.01.10 06:17:52.775,8.10765,8.10994,1.00,1.00
2018.01.10 06:17:52.941,8.10771,8.11008,1.00,1.00
2018.01.10 06:17:53.637,8.10772,8.11008,1.00,1.00
2018.01.10 06:17:55.252,8.10778,8.11013,1.00,1.00
2018.01.10 06:17:56.598,8.10781,8.11017,1.00,1.00
2018.01.10 06:17:59.407,8.10774,8.1101,1.25,1.00
2018.01.10 06:18:01.047,8.10765,8.10987,1.00,1.00
2018.01.10 06:18:01.150,8.10765,8.10995,1.00,1.00
2018.01.10 06:18:01.446,8.10765,8.10986,1.00,1.00
2018.01.10 06:18:01.548,8.10765,8.10991,1.00,1.00
2018.01.10 06:18:01.730,8.10766,8.11003,1.50,1.38
2018.01.10 06:18:01.782,8.10766,8.11003,1.00,1.00
2018.01.10 06:18:02.291,8.10771,8.11007,1.00,1.00
2018.01.10 06:18:02.604,8.10776,8.11011,1.00,1.00
2018.01.10 06:18:04.613,8.10765,8.11001,1.69,1.00
2018.01.10 06:18:04.665,8.10773,8.1101,1.00,1.00
2018.01.10 06:18:07.391,8.10765,8.11001,1.69,1.00
2018.01.10 06:18:07.442,8.10774,8.1101,1.00,1.00
2018.01.10 06:18:07.755,8.10765,8.11001,1.69,1.00
2018.01.10 06:18:07.857,8.10774,8.1101,1.00,1.00
2018.01.10 06:18:08.108,8.10765,8.11001,1.88,1.00
2018.01.10 06:18:08.210,8.10774,8.1101,1.00,1.00
2018.01.10 06:18:10.239,8.10766,8.11002,1.38,1.00
2018.01.10 06:18:10.996,8.10766,8.11002,1.19,1.00
2018.01.10 06:18:11.047,8.10766,8.11002,1.00,1.00
2018.01.10 06:18:11.099,8.10776,8.11012,1.00,1.00
2018.01.10 06:18:13.372,8.10779,8.11015,1.00,1.00
2018.01.10 06:18:14.437,8.10772,8.11008,1.44,1.00
2018.01.10 06:18:15.155,8.10772,8.11008,1.00,1.00
2018.01.10 06:18:15.658,8.10768,8.11004,1.00,1.00
2018.01.10 06:18:15.992,8.10783,8.11019,1.00,1.00
2018.01.10 06:18:16.395,8.10786,8.11022,1.00,1.00
2018.01.10 06:18:16.916,8.108,8.11032,1.00,1.00
2018.01.10 06:18:17.020,8.10807,8.11043,1.00,1.50
2018.01.10 06:18:17.216,8.10806,8.1104,1.00,1.00
2018.01.10 06:18:17.524,8.10802,8.11036,1.00,1.00
2018.01.10 06:18:17.788,8.10807,8.11042,1.00,1.00
2018.01.10 06:18:17.841,8.10809,8.11046,1.00,1.00
2018.01.10 06:18:17.893,8.10804,8.1104,1.00,1.00
2018.01.10 06:18:18.052,8.10812,8.11049,1.00,1.00
2018.01.10 06:18:18.619,8.10809,8.11045,1.00,1.00
2018.01.10 06:18:18.974,8.10801,8.11037,1.00,1.00
2018.01.10 06:18:20.151,8.1081,8.11047,1.00,1.00
2018.01.10 06:18:20.203,8.10804,8.1104,1.00,1.00
2018.01.10 06:18:20.727,8.10805,8.11041,1.00,1.00
2018.01.10 06:18:21.127,8.10801,8.11037,1.00,1.00
2018.01.10 06:18:21.953,8.10801,8.11035,1.00,1.00
2018.01.10 06:18:22.921,8.10796,8.11032,1.00,1.00
2018.01.10 06:18:23.501,8.10795,8.11022,1.00,1.00
2018.01.10 06:18:24.146,8.10796,8.11022,1.00,1.00
2018.01.10 06:18:24.677,8.10795,8.11022,1.00,1.00
2018.01.10 06:18:25.134,8.10795,8.1103,1.00,1.25
2018.01.10 06:18:26.554,8.10795,8.1103,1.00,1.38
2018.01.10 06:18:26.861,8.10795,8.11005,1.00,1.00
2018.01.10 06:18:27.793,8.10796,8.11005,1.00,1.00
2018.01.10 06:18:28.843,8.10795,8.11005,1.00,1.00
2018.01.10 06:18:29.347,8.10765,8.11005,1.00,1.00
2018.01.10 06:18:32.296,8.10761,8.11001,1.00,1.00
2018.01.10 06:18:32.802,8.10761,8.11003,1.00,1.44
2018.01.10 06:18:33.485,8.10761,8.11003,1.00,1.00
2018.01.10 06:18:33.886,8.10762,8.11003,1.00,1.38
2018.01.10 06:18:34.227,8.10761,8.11003,1.00,1.00
2018.01.10 06:18:34.454,8.10762,8.11003,1.00,1.38
2018.01.10 06:18:34.695,8.10761,8.11003,1.00,1.00
2018.01.10 06:18:34.797,8.10761,8.10992,1.00,1.00
2018.01.10 06:18:34.965,8.10764,8.11,1.00,1.00
2018.01.10 06:18:35.081,8.10761,8.11006,1.00,1.00
2018.01.10 06:18:35.487,8.10771,8.11008,1.00,1.00
2018.01.10 06:18:35.844,8.10763,8.10999,1.00,1.00
2018.01.10 06:18:36.984,8.10765,8.11001,1.00,1.00
2018.01.10 06:18:37.290,8.10768,8.11004,1.00,1.00
2018.01.10 06:18:38.073,8.10763,8.10999,1.00,1.00
2018.01.10 06:18:40.325,8.10762,8.10997,1.00,1.00
2018.01.10 06:18:41.943,8.10761,8.10997,1.00,1.00
2018.01.10 06:18:42.503,8.10762,8.10997,1.00,1.00
2018.01.10 06:18:44.253,8.10762,8.11,1.00,1.00
2018.01.10 06:18:44.304,8.10761,8.11005,1.00,1.00
2018.01.10 06:18:47.619,8.10761,8.11011,1.00,1.00
2018.01.10 06:18:49.350,8.10753,8.11011,1.00,1.00
2018.01.10 06:18:53.260,8.10756,8.10992,1.00,1.00
2018.01.10 06:18:53.363,8.10774,8.11011,1.00,1.00
2018.01.10 06:18:53.571,8.10765,8.11001,1.38,1.00
2018.01.10 06:18:53.623,8.10765,8.11001,1.00,1.00
2018.01.10 06:18:55.329,8.10762,8.10998,1.00,1.00
2018.01.10 06:18:55.954,8.1077,8.11007,1.00,1.38
2018.01.10 06:18:56.006,8.10771,8.11008,1.00,1.00
2018.01.10 06:18:56.067,8.10775,8.11011,1.00,1.00
2018.01.10 06:18:56.256,8.10775,8.1102,1.00,1.00
2018.01.10 06:18:56.308,8.10771,8.11014,1.00,1.00
2018.01.10 06:18:56.644,8.10761,8.11004,1.50,1.00
2018.01.10 06:18:56.748,8.10767,8.11011,1.00,1.00
2018.01.10 06:18:56.800,8.10774,8.11017,1.00,1.19
2018.01.10 06:18:56.904,8.10759,8.11016,1.00,1.19
2018.01.10 06:18:57.101,8.10759,8.11016,1.00,1.56
2018.01.10 06:18:57.256,8.10759,8.11012,1.00,1.25
2018.01.10 06:18:57.367,8.10743,8.11012,1.00,1.38
2018.01.10 06:18:59.479,8.10744,8.11012,1.00,1.38
2018.01.10 06:18:59.734,8.10743,8.11012,1.00,1.25
2018.01.10 06:18:59.888,8.10743,8.11012,1.00,1.38
2018.01.10 06:19:00.195,8.10743,8.11012,1.00,1.13
2018.01.10 06:19:00.298,8.10743,8.11012,1.00,1.63
2018.01.10 06:19:00.738,8.10743,8.11012,1.00,1.63
2018.01.10 06:19:00.988,8.10744,8.11012,1.00,1.56
2018.01.10 06:19:01.461,8.10743,8.11012,1.50,1.00
2018.01.10 06:19:02.138,8.10744,8.11012,1.00,1.00
2018.01.10 06:19:02.241,8.10743,8.11012,1.50,1.38
2018.01.10 06:19:03.490,8.10743,8.11012,1.50,1.38
2018.01.10 06:19:04.687,8.10737,8.1099,1.00,1.38
2018.01.10 06:19:04.738,8.10728,8.1099,1.00,1.00
2018.01.10 06:19:05.198,8.10744,8.1099,1.00,1.00
2018.01.10 06:19:05.442,8.10732,8.1099,1.00,1.00
2018.01.10 06:19:08.309,8.10731,8.1099,1.00,1.00
2018.01.10 06:19:08.586,8.10743,8.1099,1.00,1.00
2018.01.10 06:19:10.083,8.10728,8.1099,1.00,1.00
2018.01.10 06:19:10.806,8.10726,8.1099,1.00,1.19
2018.01.10 06:19:10.858,8.10726,8.1099,1.00,1.00
2018.01.10 06:19:11.390,8.10735,8.1099,1.00,1.00
2018.01.10 06:19:11.615,8.10726,8.1099,1.00,1.00
2018.01.10 06:19:12.380,8.10726,8.10989,1.00,1.00
2018.01.10 06:19:12.519,8.10713,8.10987,1.00,1.00
2018.01.10 06:19:12.571,8.10713,8.10983,1.00,1.00
2018.01.10 06:19:12.880,8.10688,8.10947,1.00,1.00
2018.01.10 06:19:13.225,8.10688,8.10914,1.00,1.00
2018.01.10 06:19:13.502,8.10668,8.10914,1.00,1.00
2018.01.10 06:19:13.554,8.10652,8.10914,1.00,1.00
2018.01.10 06:19:13.657,8.10642,8.10914,1.00,1.00
2018.01.10 06:19:13.708,8.10637,8.10914,1.00,1.00
2018.01.10 06:19:14.222,8.10636,8.10914,1.00,1.00
2018.01.10 06:19:14.325,8.10647,8.10914,1.00,1.50
2018.01.10 06:19:14.641,8.10657,8.10903,1.00,1.00
2018.01.10 06:19:14.947,8.10684,8.10914,1.00,1.00
2018.01.10 06:19:14.999,8.10675,8.10914,1.00,1.00
2018.01.10 06:19:15.142,8.10685,8.10914,1.00,1.00
2018.01.10 06:19:15.245,8.10672,8.10914,1.00,1.00
2018.01.10 06:19:15.742,8.10663,8.10909,1.00,1.00
2018.01.10 06:19:17.876,8.10664,8.1091,1.00,1.00
2018.01.10 06:19:20.296,8.10653,8.10892,1.38,1.00
2018.01.10 06:19:20.349,8.10656,8.10902,1.00,1.38
2018.01.10 06:19:20.400,8.10652,8.10898,1.00,1.00
2018.01.10 06:19:20.452,8.10663,8.10907,1.00,1.00
2018.01.10 06:19:20.753,8.10661,8.10908,1.00,1.00
2018.01.10 06:19:21.397,8.10666,8.10912,1.00,1.00
2018.01.10 06:19:22.092,8.10658,8.10904,1.25,1.00
2018.01.10 06:19:22.440,8.10669,8.10913,1.00,1.00
2018.01.10 06:19:22.693,8.10659,8.10905,1.00,1.00
2018.01.10 06:19:23.270,8.10669,8.10913,1.00,1.44
2018.01.10 06:19:23.574,8.10679,8.10918,1.00,1.00
2018.01.10 06:19:23.880,8.10679,8.10908,1.00,1.00
2018.01.10 06:19:24.190,8.1068,8.10897,1.00,1.00
2018.01.10 06:19:25.519,8.10679,8.10897,1.00,1.00
2018.01.10 06:19:28.722,8.10679,8.10908,1.00,1.38
2018.01.10 06:19:28.774,8.10679,8.10908,1.00,1.00
2018.01.10 06:19:28.825,8.10683,8.1093,1.00,1.00
2018.01.10 06:19:29.590,8.10683,8.10928,1.00,1.00
2018.01.10 06:19:29.795,8.10692,8.10938,1.00,1.00
2018.01.10 06:19:29.897,8.10684,8.10928,1.25,1.00
2018.01.10 06:19:30.204,8.10679,8.1092,1.00,1.00
2018.01.10 06:19:30.532,8.10679,8.10912,1.00,1.00
2018.01.10 06:19:31.099,8.10679,8.10923,1.00,1.00
2018.01.10 06:19:32.519,8.10684,8.1093,1.00,1.44
2018.01.10 06:19:33.026,8.10679,8.10919,1.00,1.00
2018.01.10 06:19:33.078,8.10679,8.10922,1.00,1.00
2018.01.10 06:19:34.388,8.10681,8.10927,1.00,1.00
2018.01.10 06:19:34.786,8.10679,8.10918,1.00,1.00
2018.01.10 06:19:35.122,8.10679,8.10909,1.00,1.00
2018.01.10 06:19:35.956,8.1068,8.10909,1.00,1.00
2018.01.10 06:19:36.453,8.10679,8.109,1.00,1.00
2018.01.10 06:19:36.607,8.1068,8.10918,1.00,1.00
2018.01.10 06:19:36.658,8.1068,8.10918,1.00,1.38
2018.01.10 06:19:37.102,8.10679,8.10918,1.00,1.38
2018.01.10 06:19:37.524,8.1068,8.10915,1.00,1.38
2018.01.10 06:19:37.682,8.10679,8.10905,1.00,1.00
2018.01.10 06:19:37.733,8.1068,8.10926,1.00,1.38
2018.01.10 06:19:37.785,8.1068,8.10926,1.00,1.00
2018.01.10 06:19:37.837,8.10699,8.10945,1.00,1.00
2018.01.10 06:19:37.888,8.1068,8.1095,1.38,1.37
2018.01.10 06:19:37.940,8.10699,8.10946,1.00,1.00
2018.01.10 06:19:38.246,8.1068,8.10926,1.00,1.00
2018.01.10 06:19:38.558,8.107,8.10946,1.00,1.00
2018.01.10 06:19:38.891,8.10696,8.10916,1.00,1.00
2018.01.10 06:19:39.444,8.10697,8.10916,1.00,1.00
2018.01.10 06:19:40.440,8.10696,8.10912,1.00,1.00
2018.01.10 06:19:40.885,8.10696,8.10907,1.00,1.00
2018.01.10 06:19:41.630,8.10696,8.10907,1.00,1.19
2018.01.10 06:19:42.207,8.10663,8.10907,1.00,1.19
2018.01.10 06:19:42.744,8.10663,8.10907,1.00,1.00
2018.01.10 06:19:42.929,8.10657,8.10899,1.00,1.00
2018.01.10 06:19:43.169,8.10657,8.10917,1.00,1.56
2018.01.10 06:19:43.221,8.10657,8.10917,1.00,1.38
2018.01.10 06:19:43.408,8.10657,8.10917,1.00,1.38
2018.01.10 06:19:45.872,8.10657,8.10892,1.00,1.00
2018.01.10 06:19:46.140,8.10658,8.10914,1.00,1.38
2018.01.10 06:19:46.939,8.10658,8.10914,1.00,1.38
2018.01.10 06:19:47.819,8.10657,8.10914,1.00,1.56
2018.01.10 06:19:47.870,8.10657,8.10914,1.00,1.56
2018.01.10 06:19:47.973,8.10674,8.10918,1.00,1.19
2018.01.10 06:19:48.024,8.10681,8.10927,1.00,1.50
2018.01.10 06:19:48.228,8.10713,8.10959,1.00,1.00
2018.01.10 06:19:48.332,8.10716,8.10973,1.00,1.00
2018.01.10 06:19:48.385,8.10731,8.10973,1.00,1.00
2018.01.10 06:19:48.436,8.10731,8.10981,1.00,1.00
2018.01.10 06:19:48.488,8.10737,8.10983,1.00,1.00
2018.01.10 06:19:48.744,8.1078,8.11027,1.00,1.00
2018.01.10 06:19:48.969,8.10768,8.11015,1.19,1.00
2018.01.10 06:19:49.215,8.10768,8.11015,1.50,1.00
2018.01.10 06:19:49.441,8.10778,8.11024,1.00,1.19
2018.01.10 06:19:49.493,8.10767,8.11012,1.00,1.00
2018.01.10 06:19:55.449,8.10769,8.11016,1.00,1.00
2018.01.10 06:20:02.183,8.10768,8.11008,1.00,1.00
2018.01.10 06:20:02.521,8.10767,8.10993,1.00,1.00
2018.01.10 06:20:02.572,8.10768,8.11003,1.00,1.00
2018.01.10 06:20:03.136,8.10767,8.11003,1.00,1.00
2018.01.10 06:20:04.169,8.10767,8.10995,1.00,1.00
2018.01.10 06:20:04.597,8.10768,8.11003,1.00,1.19
2018.01.10 06:20:04.703,8.10767,8.10995,1.00,1.00
2018.01.10 06:20:04.754,8.10768,8.11,1.00,1.00
2018.01.10 06:20:05.179,8.10768,8.10997,1.00,1.00
2018.01.10 06:20:05.766,8.10767,8.10997,1.00,1.00
2018.01.10 06:20:07.162,8.10767,8.10996,1.00,1.00
2018.01.10 06:20:09.393,8.10749,8.10996,1.00,1.00
2018.01.10 06:20:09.764,8.10749,8.10993,1.00,1.00
2018.01.10 06:20:10.115,8.10749,8.10985,1.00,1.00
2018.01.10 06:20:10.444,8.10749,8.1097,1.00,1.00
2018.01.10 06:20:10.562,8.10749,8.10974,1.00,1.00
2018.01.10 06:20:14.677,8.10749,8.10977,1.00,1.00
2018.01.10 06:20:16.512,8.10749,8.10972,1.00,1.00
2018.01.10 06:20:16.614,8.10715,8.10968,1.00,1.00
2018.01.10 06:20:16.773,8.10715,8.10973,1.00,1.00
2018.01.10 06:20:16.940,8.10715,8.10982,1.00,1.00
2018.01.10 06:20:16.991,8.10715,8.1098,1.00,1.00
2018.01.10 06:20:17.094,8.10715,8.10982,1.00,1.00
2018.01.10 06:20:17.307,8.10715,8.10979,1.00,1.00
2018.01.10 06:20:17.358,8.10715,8.10982,1.00,1.00
2018.01.10 06:20:17.460,8.10718,8.10992,1.00,1.50
2018.01.10 06:20:17.512,8.10749,8.10996,1.00,1.37
2018.01.10 06:20:18.092,8.10749,8.10979,1.00,1.00
2018.01.10 06:20:18.402,8.10749,8.1097,1.00,1.00
2018.01.10 06:20:18.716,8.10749,8.10963,1.00,1.00
2018.01.10 06:20:19.602,8.1075,8.10963,1.00,1.00
2018.01.10 06:20:20.175,8.10749,8.10963,1.00,1.00
2018.01.10 06:20:24.720,8.1075,8.10963,1.00,1.50
2018.01.10 06:20:25.435,8.1075,8.10963,1.00,1.69
2018.01.10 06:20:25.768,8.10749,8.1096,1.00,1.00
2018.01.10 06:20:25.870,8.10715,8.1096,1.00,1.00
2018.01.10 06:20:26.769,8.10714,8.1096,1.00,1.00
2018.01.10 06:20:28.610,8.10715,8.1096,1.00,1.19
2018.01.10 06:20:28.751,8.10714,8.1096,1.00,1.00
2018.01.10 06:20:29.183,8.10714,8.10957,1.00,1.00
2018.01.10 06:20:29.707,8.10714,8.10952,1.00,1.00
2018.01.10 06:20:32.890,8.10715,8.10952,1.00,1.00
2018.01.10 06:20:33.776,8.10714,8.10952,1.00,1.00
2018.01.10 06:20:34.494,8.10715,8.10952,1.00,1.00
2018.01.10 06:20:35.300,8.10714,8.10955,1.00,1.00
2018.01.10 06:20:35.453,8.10714,8.10951,1.00,1.00
2018.01.10 06:20:35.556,8.10678,8.10929,1.00,1.00
2018.01.10 06:20:35.607,8.10678,8.10924,1.00,1.00
2018.01.10 06:20:35.711,8.10637,8.10896,1.50,1.00
2018.01.10 06:20:35.763,8.10637,8.10888,1.00,1.00
2018.01.10 06:20:35.962,8.10637,8.10903,1.00,1.25
2018.01.10 06:20:36.740,8.10637,8.10898,1.00,1.00
2018.01.10 06:20:37.056,8.10637,8.10885,1.00,1.00
2018.01.10 06:20:39.349,8.10638,8.10885,1.00,1.00
2018.01.10 06:20:40.590,8.10637,8.10885,1.00,1.00
2018.01.10 06:20:41.943,8.10638,8.10885,1.00,1.00
2018.01.10 06:20:42.097,8.10611,8.10862,1.50,1.00
2018.01.10 06:20:42.148,8.10611,8.10859,1.00,1.00
2018.01.10 06:20:42.454,8.10611,8.10857,1.00,1.00
2018.01.10 06:20:42.752,8.1061,8.10863,1.00,1.00
2018.01.10 06:20:42.913,8.1061,8.10856,1.50,1.00
2018.01.10 06:20:43.329,8.1061,8.10854,1.50,1.00
2018.01.10 06:20:44.040,8.10611,8.10854,1.00,1.19
2018.01.10 06:20:44.735,8.10611,8.10854,1.00,1.38
2018.01.10 06:20:45.091,8.1061,8.10848,1.00,1.00
2018.01.10 06:20:45.433,8.10622,8.10854,1.00,1.00
2018.01.10 06:20:45.485,8.10622,8.10868,1.00,1.38
2018.01.10 06:20:45.539,8.10635,8.10871,1.00,1.00
2018.01.10 06:20:45.845,8.10638,8.10871,1.38,1.00
2018.01.10 06:20:45.896,8.10635,8.10871,1.00,1.00
2018.01.10 06:20:45.948,8.10627,8.10886,1.19,1.00
2018.01.10 06:20:46.000,8.10645,8.10886,1.00,1.00
2018.01.10 06:20:46.052,8.10648,8.10909,1.00,1.19
2018.01.10 06:20:46.103,8.10654,8.10922,1.00,1.00
2018.01.10 06:20:46.502,8.10665,8.10925,1.00,1.00
2018.01.10 06:20:46.804,8.10681,8.10925,1.00,1.00
2018.01.10 06:20:47.207,8.10674,8.10918,1.00,1.00
2018.01.10 06:20:48.013,8.10674,8.10917,1.00,1.00
2018.01.10 06:20:50.953,8.10694,8.10937,1.00,1.00
2018.01.10 06:20:51.107,8.10702,8.10948,1.00,1.00
2018.01.10 06:20:51.484,8.10705,8.10951,1.00,1.00
2018.01.10 06:20:51.789,8.10705,8.10951,1.00,1.19
2018.01.10 06:20:51.983,8.10689,8.10935,1.00,1.19
2018.01.10 06:20:52.129,8.10684,8.10927,1.00,1.00
2018.01.10 06:20:52.701,8.10684,8.10926,1.00,1.00
2018.01.10 06:20:53.099,8.10684,8.10917,1.00,1.00
2018.01.10 06:20:53.641,8.10684,8.10919,1.00,1.00
2018.01.10 06:20:55.124,8.10685,8.10919,1.00,1.00
2018.01.10 06:20:55.602,8.10684,8.10925,1.00,1.00
2018.01.10 06:20:55.752,8.10684,8.10916,1.00,1.00
2018.01.10 06:20:56.366,8.10685,8.10916,1.00,1.00
2018.01.10 06:20:56.418,8.10684,8.10922,1.00,1.00
2018.01.10 06:20:57.782,8.10684,8.10916,1.00,1.00
2018.01.10 06:20:57.937,8.10648,8.10894,1.00,1.00
2018.01.10 06:20:57.988,8.10648,8.10894,1.00,1.38
2018.01.10 06:20:58.246,8.10666,8.10912,1.00,1.00
2018.01.10 06:20:58.297,8.10676,8.10917,1.00,1.00
2018.01.10 06:20:58.842,8.10686,8.10917,1.00,1.00
2018.01.10 06:20:58.973,8.10671,8.10917,1.00,1.50
2018.01.10 06:20:59.075,8.10671,8.10915,1.00,1.00
2018.01.10 06:20:59.126,8.10661,8.10907,1.00,1.00
2018.01.10 06:20:59.791,8.10656,8.10902,1.00,1.00
2018.01.10 06:21:01.725,8.10674,8.10917,1.00,1.19
2018.01.10 06:21:01.776,8.10674,8.10917,1.00,1.00
2018.01.10 06:21:02.213,8.10662,8.10908,1.19,1.00
2018.01.10 06:21:02.264,8.10662,8.10908,1.00,1.00
2018.01.10 06:21:02.578,8.10676,8.10916,1.00,1.00
2018.01.10 06:21:02.680,8.10681,8.10927,1.00,1.00
2018.01.10 06:21:03.248,8.10695,8.1093,1.00,1.00
2018.01.10 06:21:03.301,8.10713,8.10959,1.00,1.00
2018.01.10 06:21:03.352,8.10724,8.1097,1.00,1.00
2018.01.10 06:21:05.381,8.10737,8.10981,1.00,1.38
2018.01.10 06:21:05.432,8.10741,8.10987,1.00,1.00
2018.01.10 06:21:05.583,8.10746,8.10988,1.00,1.00
2018.01.10 06:21:05.636,8.1075,8.10994,1.00,1.00
2018.01.10 06:21:05.738,8.1075,8.1099,1.00,1.00
2018.01.10 06:21:07.291,8.10753,8.1099,1.00,1.00
2018.01.10 06:21:07.998,8.10736,8.10982,1.00,1.00
2018.01.10 06:21:08.050,8.1074,8.10986,1.00,1.00
2018.01.10 06:21:08.380,8.10735,8.10981,1.00,1.00
2018.01.10 06:21:09.060,8.10726,8.1097,1.00,1.00
2018.01.10 06:21:09.365,8.10737,8.10973,1.19,1.00
2018.01.10 06:21:09.416,8.10737,8.10973,1.00,1.00
2018.01.10 06:21:09.787,8.10725,8.10971,1.00,1.00
2018.01.10 06:21:10.602,8.10722,8.10968,1.00,1.00
2018.01.10 06:21:11.406,8.10722,8.10968,1.00,1.19
2018.01.10 06:21:12.012,8.10713,8.10959,1.38,1.00
2018.01.10 06:21:12.063,8.10713,8.10959,1.00,1.00
2018.01.10 06:21:13.360,8.10713,8.10959,1.00,1.19
2018.01.10 06:21:14.797,8.10714,8.1096,1.00,1.19
2018.01.10 06:21:15.528,8.10714,8.1096,1.00,1.00
2018.01.10 06:21:17.017,8.10709,8.10955,1.50,1.38
2018.01.10 06:21:17.170,8.10709,8.10955,1.50,1.00
2018.01.10 06:21:17.221,8.10709,8.10947,1.00,1.00
2018.01.10 06:21:17.477,8.10712,8.10957,1.00,1.38
2018.01.10 06:21:17.528,8.10712,8.10957,1.00,1.00
2018.01.10 06:21:18.114,8.1071,8.10956,1.00,1.00
2018.01.10 06:21:18.635,8.10709,8.10947,1.00,1.00
2018.01.10 06:21:18.956,8.1071,8.10956,1.00,1.38
2018.01.10 06:21:19.009,8.1071,8.10956,1.00,1.00
2018.01.10 06:21:19.373,8.1071,8.10954,1.00,1.38
2018.01.10 06:21:19.695,8.10673,8.10906,1.00,1.38
2018.01.10 06:21:20.201,8.10673,8.10906,1.00,1.00
2018.01.10 06:21:20.862,8.10673,8.10899,1.00,1.00
2018.01.10 06:21:20.913,8.10649,8.10899,1.00,1.00
2018.01.10 06:21:20.965,8.10649,8.10899,1.00,1.38
2018.01.10 06:21:21.068,8.10632,8.10876,1.00,1.00
2018.01.10 06:21:21.509,8.10633,8.10876,1.00,1.38
2018.01.10 06:21:22.162,8.10632,8.1087,1.00,1.38
2018.01.10 06:21:22.213,8.10632,8.1087,1.00,1.00
2018.01.10 06:21:22.448,8.10632,8.1087,1.00,1.38
2018.01.10 06:21:23.069,8.10632,8.1087,1.00,1.38
2018.01.10 06:21:24.584,8.10633,8.10885,1.00,1.38
2018.01.10 06:21:25.086,8.10632,8.10869,1.00,1.00
2018.01.10 06:21:29.827,8.10632,8.10868,1.00,1.00
2018.01.10 06:21:30.110,8.10616,8.10862,1.00,1.44
2018.01.10 06:21:30.163,8.10616,8.10862,1.00,1.00
2018.01.10 06:21:30.266,8.10625,8.10871,1.00,1.50
2018.01.10 06:21:30.570,8.10634,8.1088,1.00,1.00
2018.01.10 06:21:31.167,8.1063,8.10871,1.00,1.00
2018.01.10 06:21:31.932,8.10631,8.10871,1.00,1.00
2018.01.10 06:21:31.983,8.10635,8.10881,1.00,1.00
2018.01.10 06:21:32.239,8.10639,8.10885,1.00,1.00
2018.01.10 06:21:32.513,8.10635,8.10894,1.00,1.19
2018.01.10 06:21:33.144,8.10633,8.10893,1.00,1.00
2018.01.10 06:21:33.567,8.10632,8.10875,1.00,1.00
2018.01.10 06:21:33.698,8.10633,8.10879,1.00,1.00
2018.01.10 06:21:33.816,8.10631,8.10875,1.50,1.00
2018.01.10 06:21:34.897,8.1063,8.10873,1.00,1.00
2018.01.10 06:21:35.203,8.1063,8.10858,1.00,1.00
2018.01.10 06:21:35.254,8.1063,8.10866,1.00,1.00
2018.01.10 06:21:35.877,8.10631,8.10877,1.00,1.19
2018.01.10 06:21:35.928,8.10631,8.10877,1.50,1.00
2018.01.10 06:21:38.223,8.10632,8.10878,1.00,1.00
2018.01.10 06:21:38.275,8.10637,8.10883,1.00,1.00
2018.01.10 06:21:38.616,8.10639,8.10886,1.00,1.00
2018.01.10 06:21:39.507,8.10644,8.1089,1.00,1.00
2018.01.10 06:21:39.978,8.10633,8.10879,1.19,1.00
2018.01.10 06:21:40.554,8.1063,8.10862,1.00,1.00
2018.01.10 06:21:40.656,8.10635,8.10881,1.00,1.00
2018.01.10 06:21:40.759,8.10641,8.10894,1.00,1.00
2018.01.10 06:21:40.810,8.10664,8.1092,1.00,1.00
2018.01.10 06:21:40.913,8.10669,8.10915,1.00,1.00
2018.01.10 06:21:41.015,8.10664,8.1092,1.00,1.00
2018.01.10 06:21:41.117,8.10664,8.10917,1.00,1.00
2018.01.10 06:21:41.421,8.10672,8.1092,1.00,1.00
2018.01.10 06:21:41.472,8.10673,8.10924,1.00,1.19
2018.01.10 06:21:42.000,8.10675,8.10926,1.00,1.00
2018.01.10 06:21:42.051,8.10669,8.10913,1.00,1.00
2018.01.10 06:21:42.297,8.10664,8.10909,1.00,1.00
2018.01.10 06:21:42.348,8.10665,8.10937,1.00,1.50
2018.01.10 06:21:42.540,8.1071,8.10937,1.00,1.00
2018.01.10 06:21:43.248,8.10709,8.10937,1.00,1.00
2018.01.10 06:21:44.857,8.10709,8.10933,1.00,1.00
2018.01.10 06:21:48.680,8.10709,8.10925,1.00,1.00
2018.01.10 06:21:48.833,8.10675,8.10925,1.00,1.00
2018.01.10 06:21:48.885,8.10675,8.10928,1.00,1.00
2018.01.10 06:21:48.936,8.10676,8.10916,1.00,1.00
2018.01.10 06:21:49.563,8.10675,8.10916,1.00,1.00
2018.01.10 06:21:49.615,8.10677,8.10924,1.00,1.00
2018.01.10 06:21:49.666,8.10684,8.10928,1.00,1.00
2018.01.10 06:21:49.947,8.1068,8.10926,1.00,1.00
2018.01.10 06:21:50.049,8.10676,8.10922,1.50,1.00
2018.01.10 06:21:52.372,8.10676,8.10921,1.00,1.00
2018.01.10 06:21:52.661,8.10679,8.10926,1.00,1.00
2018.01.10 06:21:52.787,8.10683,8.10928,1.00,1.00
2018.01.10 06:21:58.402,8.10686,8.10928,1.00,1.00
2018.01.10 06:21:59.429,8.10696,8.10928,1.00,1.00
2018.01.10 06:22:00.112,8.10691,8.10928,1.00,1.00
2018.01.10 06:22:03.205,8.10692,8.10928,1.00,1.00
2018.01.10 06:22:05.356,8.10692,8.10938,1.00,1.00
2018.01.10 06:22:09.346,8.10699,8.10938,1.00,1.00
2018.01.10 06:22:10.719,8.10699,8.10936,1.00,1.00
2018.01.10 06:22:12.206,8.10699,8.10946,1.50,1.19
2018.01.10 06:22:12.261,8.1071,8.10955,1.00,1.00
2018.01.10 06:22:12.516,8.10719,8.10965,1.00,1.00
2018.01.10 06:22:12.618,8.10723,8.10967,1.00,1.00
2018.01.10 06:22:12.771,8.10727,8.10973,1.00,1.00
2018.01.10 06:22:13.130,8.1073,8.10976,1.00,1.00
2018.01.10 06:22:13.614,8.10733,8.10976,1.00,1.00
2018.01.10 06:22:14.917,8.10733,8.10975,1.00,1.00
2018.01.10 06:22:18.234,8.10733,8.10974,1.00,1.00
2018.01.10 06:22:19.243,8.10733,8.10971,1.00,1.00
2018.01.10 06:22:22.432,8.10733,8.10973,1.00,1.00
2018.01.10 06:22:28.754,8.1074,8.10973,1.00,1.00
2018.01.10 06:22:33.607,8.1074,8.10968,1.00,1.00
2018.01.10 06:22:34.120,8.1074,8.10959,1.00,1.00
2018.01.10 06:22:34.632,8.1074,8.10951,1.00,1.00
2018.01.10 06:22:36.600,8.1074,8.10946,1.00,1.00
2018.01.10 06:22:36.793,8.107,8.10943,1.00,1.00
2018.01.10 06:22:37.462,8.107,8.10941,1.00,1.00
2018.01.10 06:22:40.779,8.107,8.10943,1.00,1.00
2018.01.10 06:22:41.614,8.10701,8.10948,1.00,1.00
2018.01.10 06:22:41.665,8.10708,8.10955,1.00,1.00
2018.01.10 06:22:42.937,8.10714,8.10958,1.00,1.00
2018.01.10 06:22:43.424,8.10714,8.10958,1.22,1.00
2018.01.10 06:22:48.295,8.10716,8.1096,1.22,1.00
2018.01.10 06:22:50.835,8.10706,8.10953,1.41,1.00
2018.01.10 06:22:51.039,8.107,8.10941,1.00,1.00
2018.01.10 06:22:51.090,8.107,8.10941,1.22,1.00
2018.01.10 06:22:52.492,8.107,8.1094,1.22,1.00
2018.01.10 06:22:55.668,8.107,8.10936,1.22,1.00
2018.01.10 06:22:56.462,8.107,8.10937,1.22,1.00
2018.01.10 06:22:56.770,8.10683,8.10929,1.00,1.00
2018.01.10 06:22:56.821,8.10683,8.10929,1.22,1.00
2018.01.10 06:22:58.104,8.10688,8.10934,1.22,1.00
2018.01.10 06:22:59.559,8.10688,8.10934,1.22,1.00
2018.01.10 06:23:03.414,8.10689,8.10935,1.22,1.00
2018.01.10 06:23:05.617,8.10689,8.10935,1.22,1.00
2018.01.10 06:23:09.792,8.10681,8.10927,1.91,1.00
2018.01.10 06:23:09.946,8.10685,8.10931,1.22,1.00
2018.01.10 06:23:09.997,8.10686,8.10932,1.00,1.00
2018.01.10 06:23:10.048,8.10686,8.10932,1.22,1.00
2018.01.10 06:23:10.379,8.10691,8.10937,1.22,1.00
2018.01.10 06:23:11.003,8.10692,8.10938,1.22,1.00
2018.01.10 06:23:15.217,8.10692,8.10938,1.45,1.00
2018.01.10 06:23:16.757,8.10697,8.1094,1.22,1.00
2018.01.10 06:23:18.799,8.10696,8.10937,1.22,1.00
2018.01.10 06:23:19.176,8.10698,8.1094,1.22,1.00
2018.01.10 06:23:20.975,8.10698,8.1094,1.22,1.00
2018.01.10 06:23:21.361,8.107,8.1094,1.22,1.00
2018.01.10 06:23:22.603,8.10698,8.1094,1.22,1.00
2018.01.10 06:23:24.636,8.10696,8.1094,1.50,1.00
2018.01.10 06:23:24.688,8.10696,8.1094,1.72,1.00
2018.01.10 06:23:53.477,8.10695,8.10936,1.22,1.00
2018.01.10 06:23:55.929,8.10695,8.10937,1.22,1.00
2018.01.10 06:23:56.031,8.10694,8.10937,1.00,1.00
2018.01.10 06:23:57.247,8.10695,8.10941,1.00,1.00
2018.01.10 06:24:00.127,8.10695,8.10939,1.50,1.00
2018.01.10 06:24:13.794,8.10694,8.10935,1.00,1.00
2018.01.10 06:24:15.157,8.10695,8.10933,1.00,1.00
2018.01.10 06:24:16.003,8.10694,8.10933,1.00,1.00
2018.01.10 06:24:18.233,8.10694,8.1093,1.00,1.00
2018.01.10 06:24:18.285,8.10684,8.1093,1.00,1.00
2018.01.10 06:24:18.457,8.10679,8.10916,1.00,1.00
2018.01.10 06:24:21.340,8.10679,8.10911,1.00,1.00
2018.01.10 06:24:21.717,8.10645,8.10879,1.00,1.00
2018.01.10 06:24:22.258,8.10646,8.10879,1.00,1.00
2018.01.10 06:24:23.016,8.10645,8.10876,1.00,1.00
2018.01.10 06:24:23.425,8.10645,8.10872,1.00,1.00
2018.01.10 06:24:25.989,8.10645,8.10875,1.00,1.00
2018.01.10 06:24:27.161,8.10645,8.10881,1.00,1.00
2018.01.10 06:24:27.310,8.10646,8.10887,1.00,1.00
2018.01.10 06:24:27.362,8.10645,8.10891,1.50,1.00
2018.01.10 06:24:29.502,8.10649,8.10895,1.00,1.00
2018.01.10 06:24:30.025,8.10658,8.10901,1.00,1.00
2018.01.10 06:24:35.932,8.10661,8.10901,1.00,1.00
2018.01.10 06:24:42.208,8.10667,8.10895,1.00,1.00
2018.01.10 06:24:42.511,8.10667,8.10886,1.00,1.00
2018.01.10 06:24:44.131,8.10667,8.10892,1.00,1.00
2018.01.10 06:24:44.761,8.10667,8.10888,1.00,1.00
2018.01.10 06:24:45.193,8.10667,8.10882,1.00,1.00
2018.01.10 06:24:45.378,8.10667,8.10885,1.00,1.00
2018.01.10 06:24:49.444,8.10667,8.10887,1.00,1.00
2018.01.10 06:24:49.547,8.10667,8.10893,1.00,1.00
2018.01.10 06:24:52.732,8.10667,8.10894,1.00,1.00
2018.01.10 06:24:53.326,8.10667,8.1089,1.00,1.00
2018.01.10 06:24:53.429,8.10633,8.10875,1.00,1.00
2018.01.10 06:24:54.425,8.10634,8.10875,1.00,1.00
2018.01.10 06:24:54.808,8.10633,8.10871,1.00,1.00
2018.01.10 06:24:56.060,8.10634,8.10872,1.00,1.00
2018.01.10 06:24:58.517,8.10636,8.10883,1.00,1.19
2018.01.10 06:24:58.568,8.10642,8.10888,1.00,1.00
2018.01.10 06:24:58.619,8.10642,8.10886,1.00,1.00
2018.01.10 06:24:58.671,8.10639,8.10885,1.00,1.00
2018.01.10 06:24:58.722,8.10633,8.10874,1.00,1.00
2018.01.10 06:24:59.535,8.10634,8.10874,1.00,1.00
2018.01.10 06:25:03.564,8.10634,8.10871,1.00,1.00
2018.01.10 06:25:04.097,8.10633,8.10871,1.00,1.00
2018.01.10 06:25:04.941,8.10633,8.10867,1.00,1.00
2018.01.10 06:25:07.277,8.10633,8.10851,1.00,1.00
2018.01.10 06:25:07.430,8.10599,8.10841,1.00,1.00
2018.01.10 06:25:07.482,8.10599,8.10837,1.00,1.00
2018.01.10 06:25:11.079,8.10599,8.10839,1.00,1.00
2018.01.10 06:25:11.513,8.10611,8.10856,1.00,1.00
2018.01.10 06:25:12.485,8.10612,8.10856,1.00,1.00
2018.01.10 06:25:13.678,8.10617,8.10856,1.00,1.00
2018.01.10 06:25:14.132,8.10622,8.10856,1.00,1.00
2018.01.10 06:25:18.595,8.10623,8.10856,1.00,1.00
2018.01.10 06:25:22.685,8.10623,8.10869,1.00,1.00
2018.01.10 06:25:22.737,8.10642,8.10881,1.00,1.00
2018.01.10 06:25:22.941,8.10643,8.10889,1.00,1.00
2018.01.10 06:25:23.043,8.10637,8.10883,1.00,1.00
2018.01.10 06:25:23.427,8.10633,8.10872,1.00,1.00
2018.01.10 06:25:27.911,8.10633,8.10856,1.00,1.00
2018.01.10 06:25:28.098,8.10605,8.10844,1.00,1.00
2018.01.10 06:25:28.150,8.106,8.1084,1.00,1.00
2018.01.10 06:25:28.477,8.10602,8.10848,1.00,1.00
2018.01.10 06:25:28.758,8.10607,8.10853,1.00,1.25
2018.01.10 06:25:30.307,8.10606,8.10852,1.00,1.00
2018.01.10 06:25:32.924,8.106,8.10844,1.00,1.00
2018.01.10 06:25:33.247,8.106,8.10834,1.00,1.00
2018.01.10 06:25:37.848,8.106,8.10835,1.00,1.00
2018.01.10 06:25:42.281,8.106,8.1084,1.00,1.00
2018.01.10 06:25:45.562,8.10601,8.1084,1.00,1.00
2018.01.10 06:25:47.932,8.10618,8.10858,1.00,1.00
2018.01.10 06:25:47.983,8.10621,8.10864,1.00,1.00
2018.01.10 06:25:48.035,8.10625,8.10871,1.00,1.00
2018.01.10 06:25:48.087,8.1063,8.10876,1.00,1.00
2018.01.10 06:25:48.423,8.10659,8.10905,1.00,1.00
2018.01.10 06:25:50.310,8.10665,8.10909,1.00,1.00
2018.01.10 06:25:52.293,8.10672,8.10912,1.00,1.00
2018.01.10 06:25:52.447,8.10699,8.1094,1.00,1.00
2018.01.10 06:25:52.498,8.10699,8.10942,1.00,1.00
2018.01.10 06:25:54.618,8.107,8.10946,1.00,1.00
2018.01.10 06:25:54.669,8.10705,8.10948,1.00,1.00
2018.01.10 06:25:54.903,8.107,8.10946,1.00,1.00
2018.01.10 06:25:55.334,8.10699,8.10929,1.00,1.00
2018.01.10 06:25:55.761,8.107,8.10926,1.00,1.00
2018.01.10 06:25:55.813,8.107,8.10931,1.00,1.00
2018.01.10 06:25:56.190,8.107,8.10927,1.00,1.00
2018.01.10 06:25:56.657,8.10699,8.10924,1.00,1.00
2018.01.10 06:25:57.043,8.10699,8.10928,1.00,1.00
2018.01.10 06:25:57.377,8.107,8.1094,1.00,1.00
2018.01.10 06:25:58.503,8.10699,8.1094,1.00,1.00
2018.01.10 06:25:59.121,8.10699,8.10934,1.00,1.00
2018.01.10 06:26:00.028,8.107,8.10934,1.00,1.00
2018.01.10 06:26:02.194,8.10699,8.10934,1.00,1.00
2018.01.10 06:26:03.685,8.10699,8.10935,1.00,1.00
2018.01.10 06:26:04.967,8.107,8.10939,1.00,1.00
2018.01.10 06:26:05.974,8.10699,8.10939,1.00,1.00
2018.01.10 06:26:07.712,8.1072,8.10957,1.00,1.00
2018.01.10 06:26:07.764,8.10744,8.10988,1.00,1.56
2018.01.10 06:26:07.815,8.10753,8.10994,1.00,1.56
2018.01.10 06:26:08.061,8.10753,8.10997,1.50,1.00
2018.01.10 06:26:08.113,8.10756,8.11002,1.00,1.25
2018.01.10 06:26:08.164,8.10761,8.11005,1.00,1.00
2018.01.10 06:26:08.216,8.1077,8.11016,1.00,1.00
2018.01.10 06:26:08.267,8.10789,8.11016,1.00,1.00
2018.01.10 06:26:08.369,8.1079,8.11026,1.00,1.00
2018.01.10 06:26:08.574,8.10789,8.11011,1.00,1.00
2018.01.10 06:26:08.882,8.1079,8.11005,1.00,1.00
2018.01.10 06:26:09.422,8.10789,8.11005,1.00,1.00
2018.01.10 06:26:09.587,8.10789,8.11009,1.00,1.00
2018.01.10 06:26:09.740,8.10789,8.11011,1.00,1.00
2018.01.10 06:26:09.843,8.1079,8.11023,1.00,1.00
2018.01.10 06:26:11.199,8.1079,8.11019,1.00,1.00
2018.01.10 06:26:13.427,8.10789,8.11019,1.00,1.00
2018.01.10 06:26:16.691,8.1079,8.11019,1.00,1.00
2018.01.10 06:26:16.793,8.1079,8.11036,1.00,1.19
2018.01.10 06:26:16.844,8.10789,8.11033,1.00,1.00
2018.01.10 06:26:16.896,8.10789,8.11039,1.00,1.00
2018.01.10 06:26:17.461,8.1079,8.11039,1.00,1.00
2018.01.10 06:26:17.539,8.1079,8.11033,1.00,1.00
2018.01.10 06:26:18.363,8.10789,8.11033,1.50,1.00
2018.01.10 06:26:18.883,8.1079,8.11032,1.00,1.00
2018.01.10 06:26:19.299,8.10789,8.11032,1.00,1.22
2018.01.10 06:26:25.244,8.10797,8.11025,1.00,1.22
2018.01.10 06:26:25.875,8.10796,8.1102,1.00,1.22
2018.01.10 06:26:31.961,8.10797,8.11026,1.00,1.22
2018.01.10 06:26:32.287,8.10796,8.1103,1.00,1.00
2018.01.10 06:26:32.338,8.10796,8.1103,1.00,1.22
2018.01.10 06:26:32.833,8.10796,8.1103,1.00,1.22
2018.01.10 06:26:33.126,8.10796,8.1103,1.00,1.00
2018.01.10 06:26:33.177,8.10796,8.1103,1.00,1.22
2018.01.10 06:26:42.168,8.10803,8.11026,1.00,1.22
2018.01.10 06:26:45.133,8.10802,8.11021,1.00,1.41
2018.01.10 06:26:45.338,8.10768,8.10998,1.00,1.79
2018.01.10 06:26:45.389,8.10768,8.10998,1.00,1.56
2018.01.10 06:26:45.764,8.10768,8.10996,1.00,1.38
2018.01.10 06:26:51.723,8.10773,8.1102,1.00,1.00
2018.01.10 06:26:51.775,8.10806,8.11028,1.00,1.38
2018.01.10 06:26:51.928,8.10806,8.11029,1.00,1.41
2018.01.10 06:26:51.979,8.10806,8.11029,1.00,1.00
2018.01.10 06:26:52.031,8.10806,8.11029,1.00,1.41
2018.01.10 06:26:52.566,8.10807,8.11029,1.00,1.41
2018.01.10 06:26:53.160,8.10806,8.11026,1.00,1.60
2018.01.10 06:26:54.446,8.10807,8.11026,1.00,1.60
2018.01.10 06:26:54.989,8.10806,8.1102,1.00,1.60
2018.01.10 06:26:55.884,8.10806,8.1101,1.00,1.60
2018.01.10 06:26:56.042,8.10758,8.11002,1.00,1.66
2018.01.10 06:26:56.822,8.10759,8.10993,1.00,1.00
2018.01.10 06:26:56.924,8.10758,8.10981,1.00,1.00
2018.01.10 06:26:57.561,8.10758,8.10976,1.00,1.00
2018.01.10 06:27:00.487,8.10758,8.10981,1.00,1.00
2018.01.10 06:27:02.309,8.10758,8.10958,1.00,1.00
2018.01.10 06:27:02.361,8.10723,8.10949,1.00,1.00
2018.01.10 06:27:03.804,8.10723,8.1095,1.00,1.00
2018.01.10 06:27:09.710,8.10723,8.10946,1.00,1.00
2018.01.10 06:27:11.320,8.10723,8.10951,1.00,1.00
2018.01.10 06:27:12.064,8.10724,8.10951,1.00,1.00
2018.01.10 06:27:13.313,8.10723,8.10951,1.00,1.00
2018.01.10 06:27:14.923,8.10723,8.10955,1.00,1.00
2018.01.10 06:27:15.517,8.10723,8.10947,1.00,1.00
2018.01.10 06:27:18.205,8.10723,8.10944,1.00,1.00
2018.01.10 06:27:18.835,8.10723,8.10943,1.00,1.00
2018.01.10 06:27:20.040,8.10723,8.1094,1.00,1.00
2018.01.10 06:27:22.196,8.10708,8.1094,1.00,1.00
2018.01.10 06:27:23.032,8.10708,8.10943,1.00,1.00
2018.01.10 06:27:25.270,8.10707,8.10943,1.00,1.00
2018.01.10 06:27:29.272,8.10717,8.1096,1.00,1.00
2018.01.10 06:27:29.324,8.10725,8.1096,1.00,1.00
2018.01.10 06:27:29.634,8.10741,8.10973,1.00,1.00
2018.01.10 06:27:30.507,8.10741,8.10963,1.00,1.00
2018.01.10 06:27:31.019,8.10742,8.10963,1.00,1.00
2018.01.10 06:27:31.789,8.10741,8.10963,1.00,1.44
2018.01.10 06:27:32.113,8.10742,8.10957,1.00,1.38
2018.01.10 06:27:32.628,8.10741,8.10972,1.00,1.63
2018.01.10 06:27:32.680,8.10741,8.10972,1.00,1.13
2018.01.10 06:27:32.731,8.10741,8.10957,1.00,1.00
2018.01.10 06:27:33.766,8.10742,8.10957,1.00,1.00
2018.01.10 06:27:33.868,8.10741,8.10967,1.00,1.00
2018.01.10 06:27:35.192,8.10741,8.10958,1.00,1.00
2018.01.10 06:27:36.774,8.10742,8.10958,1.00,1.00
2018.01.10 06:27:37.795,8.10741,8.10958,1.00,1.00
2018.01.10 06:27:47.574,8.10752,8.10973,1.00,1.00
2018.01.10 06:27:47.625,8.10753,8.10977,1.00,1.00
