2011.02.01 07:00:00.115,5.75154,5.75404,1.50,4.20
2011.02.01 07:00:00.488,5.75154,5.75404,1.50,1.58
2011.02.01 07:00:00.602,5.75154,5.75404,1.50,4.35
2011.02.01 07:00:00.737,5.75154,5.75362,1.50,1.20
2011.02.01 07:00:01.108,5.75154,5.75372,1.50,1.79
2011.02.01 07:00:01.335,5.75154,5.75392,1.71,1.98
2011.02.01 07:00:01.622,5.75154,5.75402,1.71,1.15
2011.02.01 07:00:01.751,5.75217,5.75433,1.71,1.98
2011.02.01 07:00:02.060,5.75217,5.75433,1.71,1.98
2011.02.01 07:00:02.852,5.75217,5.75433,1.71,1.98
2011.02.01 07:00:03.418,5.75174,5.75352,1.50,1.20
2011.02.01 07:00:03.751,5.75153,5.75332,1.71,1.20
2011.02.01 07:00:04.121,5.75153,5.75333,1.50,1.60
2011.02.01 07:00:04.234,5.75153,5.75333,1.50,1.20
2011.02.01 07:00:04.353,5.75132,5.75353,1.50,1.98
2011.02.01 07:00:04.855,5.75132,5.75353,1.50,1.98
2011.02.01 07:00:05.072,5.75132,5.75353,1.50,1.98
2011.02.01 07:00:05.562,5.75154,5.75353,1.50,1.98
2011.02.01 07:00:05.891,5.75154,5.75353,1.50,2.58
2011.02.01 07:00:06.400,5.75196,5.75432,1.50,1.15
2011.02.01 07:00:06.512,5.75196,5.75442,1.71,1.20
2011.02.01 07:00:06.623,5.75238,5.75452,1.71,1.79
2011.02.01 07:00:06.742,5.75259,5.75468,1.50,1.08
2011.02.01 07:00:07.187,5.75238,5.75478,1.71,1.38
2011.02.01 07:00:07.877,5.75237,5.75473,1.71,1.98
2011.02.01 07:00:07.996,5.75237,5.75438,1.50,1.08
2011.02.01 07:00:08.221,5.75237,5.75458,1.50,1.08
2011.02.01 07:00:08.333,5.75237,5.75462,1.71,1.20
2011.02.01 07:00:08.703,5.75259,5.75472,1.50,1.98
2011.02.01 07:00:08.866,5.75259,5.75482,1.50,1.15
2011.02.01 07:00:09.075,5.75259,5.75472,1.50,1.79
2011.02.01 07:00:09.623,5.75238,5.75472,1.71,1.98
2011.02.01 07:00:10.281,5.75238,5.75472,1.71,1.98
2011.02.01 07:00:11.544,5.75238,5.75472,1.71,1.98
2011.02.01 07:00:11.663,5.75258,5.75472,1.71,1.98
2011.02.01 07:00:11.785,5.75279,5.75472,1.50,1.98
2011.02.01 07:00:12.255,5.75279,5.75463,1.50,1.20
2011.02.01 07:00:12.483,5.75259,5.75463,1.50,1.20
2011.02.01 07:00:13.200,5.75259,5.75472,1.50,1.98
2011.02.01 07:00:13.972,5.75259,5.75452,1.50,1.20
2011.02.01 07:00:14.356,5.75238,5.75472,1.71,1.98
2011.02.01 07:00:14.890,5.75238,5.75443,1.71,1.20
2011.02.01 07:00:17.641,5.75238,5.75472,1.71,1.98
2011.02.01 07:00:17.751,5.75238,5.75472,1.71,1.98
2011.02.01 07:00:18.011,5.75238,5.75453,1.71,1.20
2011.02.01 07:00:18.960,5.75238,5.75443,1.71,1.20
2011.02.01 07:00:19.359,5.75238,5.75472,1.71,1.98
2011.02.01 07:00:19.740,5.75216,5.75413,1.50,1.98
2011.02.01 07:00:19.854,5.75216,5.75423,1.50,1.15
2011.02.01 07:00:19.971,5.75216,5.75432,1.71,2.20
2011.02.01 07:00:20.299,5.75216,5.75438,1.71,1.08
2011.02.01 07:00:20.674,5.75216,5.75432,1.71,1.79
2011.02.01 07:00:21.012,5.75216,5.75442,1.71,1.15
2011.02.01 07:00:21.121,5.75216,5.75432,1.71,1.98
2011.02.01 07:00:21.790,5.75175,5.75392,1.50,1.79
2011.02.01 07:00:21.903,5.75175,5.75413,1.50,1.23
2011.02.01 07:00:22.024,5.75178,5.75453,1.71,1.98
2011.02.01 07:00:22.142,5.75178,5.75413,1.71,1.98
2011.02.01 07:00:22.462,5.75178,5.75432,1.71,1.98
2011.02.01 07:00:22.581,5.75217,5.75432,1.71,1.79
2011.02.01 07:00:22.691,5.75217,5.75432,1.71,1.98
2011.02.01 07:00:23.050,5.75217,5.75432,1.71,1.98
2011.02.01 07:00:23.744,5.75217,5.75438,1.71,1.08
2011.02.01 07:00:23.863,5.75238,5.75438,1.50,1.08
2011.02.01 07:00:24.314,5.75221,5.75432,1.50,1.98
2011.02.01 07:00:24.435,5.75221,5.75432,1.50,1.98
2011.02.01 07:00:24.550,5.75217,5.75432,1.71,1.98
2011.02.01 07:00:24.660,5.75217,5.75423,1.71,1.20
2011.02.01 07:00:24.772,5.75217,5.75432,1.71,1.98
2011.02.01 07:00:25.021,5.75196,5.75432,1.71,1.98
2011.02.01 07:00:25.386,5.75196,5.75392,1.71,1.20
2011.02.01 07:00:25.831,5.75196,5.75402,1.71,1.20
2011.02.01 07:00:26.539,5.75196,5.75432,1.71,1.98
2011.02.01 07:00:26.871,5.75196,5.75402,1.71,1.20
2011.02.01 07:00:28.223,5.75196,5.75373,1.71,1.20
2011.02.01 07:00:28.336,5.75175,5.75373,1.50,1.20
2011.02.01 07:00:28.684,5.75154,5.75353,1.71,1.20
2011.02.01 07:00:29.152,5.75154,5.75392,1.71,1.98
2011.02.01 07:00:29.263,5.75154,5.75392,1.71,1.98
2011.02.01 07:00:30.276,5.75154,5.75392,1.71,1.98
2011.02.01 07:00:30.397,5.75196,5.75397,1.50,1.38
2011.02.01 07:00:31.313,5.75196,5.75412,1.50,1.15
2011.02.01 07:00:32.241,5.75196,5.75402,1.50,1.15
2011.02.01 07:00:32.680,5.75196,5.75392,1.50,1.79
2011.02.01 07:00:33.341,5.75196,5.75398,1.50,1.08
2011.02.01 07:00:33.561,5.75196,5.75432,1.71,2.20
2011.02.01 07:00:34.406,5.75195,5.75432,1.71,1.98
2011.02.01 07:00:34.522,5.75195,5.75412,1.71,1.20
2011.02.01 07:00:35.461,5.75217,5.75432,1.71,1.98
2011.02.01 07:00:35.572,5.75217,5.75442,1.71,1.15
2011.02.01 07:00:35.682,5.75216,5.75432,1.71,1.79
2011.02.01 07:00:36.085,5.75216,5.75432,1.71,1.98
2011.02.01 07:00:36.207,5.75195,5.75422,1.71,1.20
2011.02.01 07:00:36.653,5.75217,5.75432,1.71,2.58
2011.02.01 07:00:37.114,5.75216,5.75432,1.71,1.98
2011.02.01 07:00:37.727,5.75196,5.75402,1.71,1.20
2011.02.01 07:00:37.953,5.75196,5.75432,1.71,1.98
2011.02.01 07:00:38.529,5.75196,5.75402,1.71,1.20
2011.02.01 07:00:39.146,5.75196,5.75412,1.71,1.20
2011.02.01 07:00:40.083,5.75196,5.75432,1.71,1.98
2011.02.01 07:00:40.420,5.75196,5.75432,1.71,1.98
2011.02.01 07:00:40.722,5.75196,5.75432,1.71,1.98
2011.02.01 07:00:41.911,5.75196,5.75432,1.71,1.98
2011.02.01 07:00:42.993,5.75196,5.75403,1.71,1.20
2011.02.01 07:00:43.490,5.75195,5.75432,1.71,1.98
2011.02.01 07:00:43.601,5.75238,5.75422,1.50,1.20
2011.02.01 07:00:43.713,5.75238,5.75452,1.50,1.15
2011.02.01 07:00:43.820,5.75217,5.75452,1.71,1.15
2011.02.01 07:00:44.504,5.75217,5.75433,1.71,1.23
2011.02.01 07:00:45.389,5.75217,5.75432,1.71,1.79
2011.02.01 07:00:45.505,5.75217,5.75433,1.71,1.23
2011.02.01 07:00:45.951,5.75217,5.75448,1.71,1.08
2011.02.01 07:00:46.502,5.75217,5.75438,1.71,1.08
2011.02.01 07:00:46.872,5.75237,5.75443,1.50,1.23
2011.02.01 07:00:47.951,5.75237,5.75438,1.50,1.08
2011.02.01 07:00:48.060,5.75237,5.75448,1.50,1.08
2011.02.01 07:00:51.302,5.75237,5.75489,1.71,4.60
2011.02.01 07:00:51.424,5.75221,5.75502,1.71,1.98
2011.02.01 07:00:51.541,5.75259,5.75472,1.50,1.98
2011.02.01 07:00:51.843,5.75259,5.75473,1.50,1.23
2011.02.01 07:00:51.969,5.75217,5.75467,1.71,4.35
2011.02.01 07:00:52.084,5.75217,5.75432,1.71,1.20
2011.02.01 07:00:52.689,5.75217,5.75438,1.71,1.38
2011.02.01 07:00:53.172,5.75217,5.75433,1.71,2.58
2011.02.01 07:00:53.390,5.75217,5.75433,1.71,1.60
2011.02.01 07:00:53.500,5.75217,5.75433,1.71,1.98
2011.02.01 07:00:53.844,5.75217,5.75433,1.71,1.83
2011.02.01 07:00:54.624,5.75217,5.75453,1.71,1.15
2011.02.01 07:00:54.984,5.75238,5.75453,1.50,1.15
2011.02.01 07:00:57.902,5.75238,5.75478,1.71,1.08
2011.02.01 07:00:58.122,5.75259,5.75492,1.50,1.15
2011.02.01 07:01:00.253,5.75259,5.75478,1.50,1.08
2011.02.01 07:01:00.361,5.75259,5.75492,1.50,1.15
2011.02.01 07:01:00.640,5.75259,5.75472,1.50,1.98
2011.02.01 07:01:00.751,5.75259,5.75482,1.50,1.15
2011.02.01 07:01:00.862,5.75259,5.75472,1.50,1.79
2011.02.01 07:01:01.336,5.75259,5.75477,1.50,1.38
2011.02.01 07:01:01.810,5.75259,5.75492,1.50,1.15
2011.02.01 07:01:02.114,5.75259,5.75482,1.50,1.15
2011.02.01 07:01:03.212,5.75259,5.75487,1.50,1.38
2011.02.01 07:01:03.319,5.75259,5.75477,1.50,1.38
2011.02.01 07:01:04.948,5.75259,5.75478,1.50,1.08
2011.02.01 07:01:05.450,5.75259,5.75498,1.50,1.08
2011.02.01 07:01:05.673,5.75259,5.75478,1.50,1.08
2011.02.01 07:01:06.105,5.75258,5.75472,1.71,1.79
2011.02.01 07:01:06.565,5.75258,5.75462,1.71,1.20
2011.02.01 07:01:06.920,5.75258,5.75472,1.71,1.98
2011.02.01 07:01:08.224,5.75258,5.75453,1.71,1.20
2011.02.01 07:01:08.613,5.75238,5.75472,1.71,1.98
2011.02.01 07:01:08.726,5.75238,5.75472,1.71,1.98
2011.02.01 07:01:09.163,5.75238,5.75472,1.71,1.98
2011.02.01 07:01:09.393,5.75259,5.75492,1.50,1.15
2011.02.01 07:01:09.500,5.75259,5.75472,1.50,1.98
2011.02.01 07:01:09.881,5.75259,5.75472,1.50,1.98
2011.02.01 07:01:10.293,5.75216,5.75437,1.71,1.38
2011.02.01 07:01:10.987,5.75216,5.75432,1.71,1.79
2011.02.01 07:01:11.341,5.75216,5.75432,1.71,1.98
2011.02.01 07:01:11.453,5.75216,5.75432,1.71,2.20
2011.02.01 07:01:11.681,5.75216,5.75432,1.71,1.98
2011.02.01 07:01:11.839,5.75216,5.75432,1.71,2.58
2011.02.01 07:01:12.278,5.75216,5.75437,1.71,1.38
2011.02.01 07:01:12.642,5.75216,5.75452,1.71,1.15
2011.02.01 07:01:12.872,5.75216,5.75438,1.71,1.08
2011.02.01 07:01:13.223,5.75216,5.75443,1.71,1.23
2011.02.01 07:01:13.599,5.75259,5.75472,1.50,1.98
2011.02.01 07:01:13.931,5.75259,5.75472,1.50,1.79
2011.02.01 07:01:15.236,5.75259,5.75473,1.50,1.23
2011.02.01 07:01:15.860,5.75259,5.75472,1.50,1.98
2011.02.01 07:01:16.649,5.75259,5.75478,1.50,1.08
2011.02.01 07:01:16.891,5.75259,5.75487,1.50,1.38
2011.02.01 07:01:17.000,5.75259,5.75472,1.50,1.98
2011.02.01 07:01:17.253,5.75259,5.75478,1.50,1.08
2011.02.01 07:01:18.283,5.75237,5.75472,1.71,1.98
2011.02.01 07:01:18.401,5.75237,5.75472,1.71,2.20
2011.02.01 07:01:20.572,5.75237,5.75462,1.71,1.20
2011.02.01 07:01:20.757,5.75237,5.75472,1.71,2.20
2011.02.01 07:01:21.453,5.75237,5.75463,1.71,1.20
2011.02.01 07:01:21.892,5.75237,5.75472,1.71,2.58
2011.02.01 07:01:22.140,5.75237,5.75472,1.71,1.98
2011.02.01 07:01:22.250,5.75259,5.75472,1.50,1.79
2011.02.01 07:01:22.474,5.75237,5.75482,1.71,1.15
2011.02.01 07:01:22.591,5.75237,5.75488,1.71,1.08
2011.02.01 07:01:22.700,5.75237,5.75472,1.71,2.58
2011.02.01 07:01:23.376,5.75238,5.75473,1.71,1.23
2011.02.01 07:01:23.603,5.75238,5.75472,1.71,2.20
2011.02.01 07:01:23.725,5.75238,5.75483,1.71,1.23
2011.02.01 07:01:23.841,5.75279,5.75518,1.50,1.08
2011.02.01 07:01:24.422,5.7528,5.75502,1.50,1.98
2011.02.01 07:01:24.534,5.7528,5.75488,1.50,1.38
2011.02.01 07:01:24.655,5.75259,5.75473,1.50,1.83
2011.02.01 07:01:25.303,5.75259,5.75473,1.50,2.58
2011.02.01 07:01:25.731,5.75279,5.75473,1.50,2.58
2011.02.01 07:01:25.841,5.75279,5.75473,1.50,1.83
2011.02.01 07:01:26.061,5.75279,5.75473,1.50,2.58
2011.02.01 07:01:26.663,5.75279,5.75478,1.50,1.38
2011.02.01 07:01:27.853,5.75279,5.75487,1.50,1.08
2011.02.01 07:01:28.133,5.75279,5.75483,1.50,1.15
2011.02.01 07:01:28.586,5.75279,5.75472,1.50,1.20
2011.02.01 07:01:28.924,5.75238,5.75473,1.71,1.98
2011.02.01 07:01:29.406,5.75238,5.75452,1.71,1.20
2011.02.01 07:01:29.522,5.75238,5.75473,1.71,1.98
2011.02.01 07:01:29.633,5.75259,5.75473,1.50,1.98
2011.02.01 07:01:30.110,5.75238,5.75473,1.71,1.98
2011.02.01 07:01:30.539,5.75238,5.75432,1.71,1.20
2011.02.01 07:01:30.759,5.75238,5.75442,1.71,1.20
2011.02.01 07:01:31.912,5.75259,5.75473,1.50,1.98
2011.02.01 07:01:32.021,5.75259,5.75462,1.50,1.20
2011.02.01 07:01:32.350,5.75238,5.75473,1.71,1.98
2011.02.01 07:01:33.787,5.75238,5.75453,1.71,1.20
2011.02.01 07:01:34.321,5.75238,5.75452,1.71,1.20
2011.02.01 07:01:34.434,5.75259,5.75473,1.50,1.98
2011.02.01 07:01:34.551,5.75259,5.75473,1.50,1.98
2011.02.01 07:01:34.691,5.75259,5.75462,1.50,1.20
2011.02.01 07:01:37.142,5.75259,5.75473,1.50,1.98
2011.02.01 07:01:37.361,5.75259,5.75473,1.50,1.98
2011.02.01 07:01:37.470,5.75238,5.75473,1.71,1.98
2011.02.01 07:01:37.580,5.75238,5.75442,1.71,1.20
2011.02.01 07:01:37.911,5.75238,5.75473,1.71,1.98
2011.02.01 07:01:38.280,5.75238,5.75473,1.71,1.98
2011.02.01 07:01:38.854,5.75238,5.75473,1.71,1.98
2011.02.01 07:01:39.123,5.75258,5.75473,1.50,1.98
2011.02.01 07:01:39.241,5.75258,5.75473,1.50,1.98
2011.02.01 07:01:39.351,5.75258,5.75473,1.50,1.60
2011.02.01 07:01:39.462,5.75258,5.75473,1.50,1.98
2011.02.01 07:01:39.947,5.75258,5.75473,1.50,1.98
2011.02.01 07:01:40.281,5.75237,5.75473,1.71,1.98
2011.02.01 07:01:40.680,5.75237,5.75473,1.71,1.98
2011.02.01 07:01:41.128,5.75237,5.75462,1.71,1.20
2011.02.01 07:01:41.323,5.75237,5.75452,1.71,1.20
2011.02.01 07:01:41.850,5.75237,5.75443,1.71,1.20
2011.02.01 07:01:41.960,5.75237,5.75473,1.71,1.98
2011.02.01 07:01:42.211,5.75237,5.75442,1.71,1.20
2011.02.01 07:01:42.610,5.75217,5.75412,2.46,1.20
2011.02.01 07:01:42.728,5.75217,5.75432,2.46,1.98
2011.02.01 07:01:42.843,5.75217,5.75402,2.46,1.20
2011.02.01 07:01:42.965,5.75217,5.75432,2.46,1.98
2011.02.01 07:01:43.537,5.75196,5.75432,1.71,1.98
2011.02.01 07:01:43.882,5.75196,5.75432,1.71,1.98
2011.02.01 07:01:44.083,5.75196,5.75432,1.71,1.98
2011.02.01 07:01:44.777,5.75174,5.75393,1.50,1.98
2011.02.01 07:01:45.002,5.75174,5.75393,1.50,1.98
2011.02.01 07:01:45.784,5.75174,5.75393,1.50,1.98
2011.02.01 07:01:46.063,5.75174,5.75373,1.50,1.20
2011.02.01 07:01:46.689,5.75153,5.75393,1.71,1.98
2011.02.01 07:01:47.615,5.75153,5.75363,1.71,1.20
2011.02.01 07:01:49.619,5.75153,5.75352,1.71,1.20
2011.02.01 07:01:49.877,5.75153,5.75393,1.71,1.98
2011.02.01 07:01:50.100,5.75153,5.75352,1.71,1.20
2011.02.01 07:01:50.221,5.75153,5.75393,1.71,1.98
2011.02.01 07:01:51.635,5.75195,5.75393,1.50,1.98
2011.02.01 07:01:51.994,5.75195,5.75393,1.50,1.98
2011.02.01 07:01:52.224,5.75196,5.75393,1.50,1.98
2011.02.01 07:01:52.451,5.75175,5.75393,1.50,1.98
2011.02.01 07:01:52.562,5.75175,5.75372,1.50,1.20
2011.02.01 07:01:55.561,5.75175,5.75393,1.50,1.98
2011.02.01 07:01:55.678,5.75196,5.75413,1.50,1.15
2011.02.01 07:01:56.033,5.75217,5.75422,1.50,1.23
2011.02.01 07:01:56.389,5.75217,5.75432,1.71,1.20
2011.02.01 07:01:56.507,5.75195,5.75433,1.71,1.98
2011.02.01 07:01:56.841,5.75195,5.75433,1.71,1.98
2011.02.01 07:01:57.666,5.75195,5.75412,1.71,1.20
2011.02.01 07:01:58.148,5.75195,5.75402,1.71,1.20
2011.02.01 07:01:58.371,5.75195,5.75433,1.71,1.98
2011.02.01 07:01:58.592,5.75195,5.75433,1.71,1.98
2011.02.01 07:01:58.897,5.75195,5.75433,1.71,1.98
2011.02.01 07:01:59.346,5.75195,5.75392,1.71,1.20
2011.02.01 07:01:59.461,5.75195,5.75433,1.71,1.98
2011.02.01 07:01:59.569,5.75195,5.75433,1.71,1.98
2011.02.01 07:01:59.683,5.75195,5.75433,1.71,1.98
2011.02.01 07:01:59.911,5.75217,5.75433,1.71,1.98
2011.02.01 07:02:00.376,5.75174,5.75392,1.50,2.58
2011.02.01 07:02:00.494,5.75174,5.75392,1.50,1.98
2011.02.01 07:02:00.831,5.75174,5.75392,1.50,1.98
2011.02.01 07:02:03.295,5.75174,5.75393,1.50,1.23
2011.02.01 07:02:03.413,5.75195,5.75393,1.50,1.23
2011.02.01 07:02:03.879,5.75217,5.75403,1.71,1.20
2011.02.01 07:02:03.996,5.75217,5.75412,1.71,1.20
2011.02.01 07:02:04.921,5.75217,5.75403,1.71,1.20
2011.02.01 07:02:05.031,5.75217,5.75432,1.71,1.98
2011.02.01 07:02:05.140,5.75217,5.75403,1.71,1.20
2011.02.01 07:02:05.691,5.75217,5.75412,1.71,1.20
2011.02.01 07:02:07.217,5.75217,5.75432,1.71,1.98
2011.02.01 07:02:07.335,5.75217,5.75432,1.71,1.98
2011.02.01 07:02:08.515,5.75217,5.75432,1.71,1.98
2011.02.01 07:02:10.871,5.75217,5.75432,1.71,1.98
2011.02.01 07:02:11.341,5.75217,5.75432,1.71,1.79
2011.02.01 07:02:11.521,5.75217,5.75413,1.71,1.20
2011.02.01 07:02:11.647,5.75217,5.75432,1.71,1.98
2011.02.01 07:02:12.063,5.75217,5.75432,1.71,1.98
2011.02.01 07:02:12.170,5.75217,5.75423,1.71,1.20
2011.02.01 07:02:12.280,5.75217,5.75402,1.71,1.20
2011.02.01 07:02:12.764,5.75175,5.75425,1.71,4.35
2011.02.01 07:02:12.888,5.75175,5.75393,1.50,1.98
2011.02.01 07:02:13.650,5.75175,5.75393,1.50,1.98
2011.02.01 07:02:16.383,5.75175,5.75393,1.50,1.98
2011.02.01 07:02:16.500,5.75175,5.75393,1.50,1.98
2011.02.01 07:02:16.969,5.75196,5.75393,1.50,1.98
2011.02.01 07:02:17.083,5.75196,5.75398,1.50,1.38
2011.02.01 07:02:20.367,5.75196,5.75413,1.50,1.15
2011.02.01 07:02:20.786,5.75216,5.75437,1.50,1.08
2011.02.01 07:02:21.233,5.75216,5.75433,1.71,1.98
2011.02.01 07:02:21.921,5.75216,5.75433,1.71,1.98
2011.02.01 07:02:22.864,5.75216,5.75433,1.71,1.98
2011.02.01 07:02:23.198,5.75216,5.75433,1.71,1.98
2011.02.01 07:02:23.711,5.75216,5.75392,1.71,1.20
2011.02.01 07:02:25.141,5.75216,5.75433,1.71,1.98
2011.02.01 07:02:25.498,5.75195,5.75433,1.71,1.98
2011.02.01 07:02:25.822,5.75195,5.75433,1.71,1.98
2011.02.01 07:02:26.530,5.75195,5.75433,1.71,1.98
2011.02.01 07:02:26.641,5.75195,5.75433,1.71,1.98
2011.02.01 07:02:26.844,5.75195,5.75433,1.71,1.98
2011.02.01 07:02:26.971,5.75195,5.75393,1.71,1.20
2011.02.01 07:02:27.303,5.75195,5.75433,1.71,1.98
2011.02.01 07:02:27.899,5.75195,5.75382,1.71,1.20
2011.02.01 07:02:29.433,5.75195,5.75433,1.71,1.98
2011.02.01 07:02:30.062,5.75195,5.75373,1.71,1.20
2011.02.01 07:02:30.384,5.75195,5.75382,1.71,1.20
2011.02.01 07:02:30.674,5.75195,5.75433,1.71,1.98
2011.02.01 07:02:32.919,5.75195,5.75447,1.71,4.35
2011.02.01 07:02:33.250,5.75184,5.75458,1.71,4.35
2011.02.01 07:02:33.360,5.75184,5.75452,1.71,1.98
2011.02.01 07:02:33.471,5.75184,5.75451,1.71,4.35
2011.02.01 07:02:33.691,5.75184,5.75451,1.71,4.35
2011.02.01 07:02:34.140,5.75183,5.75459,1.71,4.35
2011.02.01 07:02:35.160,5.75183,5.75459,1.71,4.35
2011.02.01 07:02:36.482,5.75183,5.75459,1.71,4.35
2011.02.01 07:02:36.813,5.75142,5.75458,1.71,4.35
2011.02.01 07:02:37.294,5.75142,5.75458,1.71,4.35
2011.02.01 07:02:37.903,5.75142,5.75383,1.71,1.20
2011.02.01 07:02:38.329,5.75142,5.75416,1.71,4.35
2011.02.01 07:02:38.445,5.75142,5.75383,1.71,1.20
2011.02.01 07:02:38.702,5.75142,5.75416,1.71,4.35
2011.02.01 07:02:39.041,5.75142,5.75416,1.71,4.35
2011.02.01 07:02:39.797,5.75142,5.75416,1.71,4.35
2011.02.01 07:02:41.460,5.75142,5.75416,1.71,4.35
2011.02.01 07:02:42.020,5.75142,5.75416,1.71,4.35
2011.02.01 07:02:42.131,5.75142,5.75416,1.71,4.35
2011.02.01 07:02:42.240,5.75142,5.75343,1.71,1.20
2011.02.01 07:02:42.481,5.75142,5.75343,1.71,1.20
2011.02.01 07:02:42.952,5.75101,5.75416,1.71,4.35
2011.02.01 07:02:43.583,5.75101,5.75416,1.71,4.35
2011.02.01 07:02:43.911,5.751,5.75333,1.71,1.20
2011.02.01 07:02:44.131,5.751,5.75375,1.71,4.35
2011.02.01 07:02:44.527,5.751,5.75375,1.71,4.35
2011.02.01 07:02:44.756,5.75101,5.75374,1.71,4.35
2011.02.01 07:02:45.460,5.75101,5.75333,1.71,1.20
2011.02.01 07:02:45.792,5.75101,5.75416,1.71,4.35
2011.02.01 07:02:46.012,5.751,5.75332,1.71,1.20
2011.02.01 07:02:46.554,5.751,5.75417,1.71,4.35
2011.02.01 07:02:47.138,5.751,5.75417,1.71,4.35
2011.02.01 07:02:48.315,5.75142,5.75416,1.71,4.35
2011.02.01 07:02:48.680,5.75142,5.75416,1.71,4.35
2011.02.01 07:02:50.911,5.75142,5.75342,1.71,1.20
2011.02.01 07:02:51.223,5.75142,5.75352,1.71,1.20
2011.02.01 07:02:52.673,5.75142,5.75416,1.71,4.35
2011.02.01 07:02:53.434,5.75141,5.75417,1.71,4.35
2011.02.01 07:02:53.776,5.75141,5.75417,1.71,4.35
2011.02.01 07:02:54.000,5.75101,5.75416,1.71,4.35
2011.02.01 07:02:54.112,5.75101,5.75342,1.71,1.20
2011.02.01 07:02:54.220,5.75101,5.75352,1.71,1.20
2011.02.01 07:02:55.318,5.75101,5.75416,1.71,4.35
2011.02.01 07:02:56.132,5.75142,5.75458,1.71,4.35
2011.02.01 07:02:56.723,5.75142,5.75363,1.71,1.20
2011.02.01 07:02:57.372,5.75142,5.75416,1.71,4.35
2011.02.01 07:02:57.690,5.75142,5.75352,1.71,1.20
2011.02.01 07:02:58.071,5.75142,5.75416,1.71,4.35
2011.02.01 07:02:58.313,5.75142,5.75352,1.71,1.20
2011.02.01 07:02:58.836,5.75142,5.75416,1.71,4.35
2011.02.01 07:03:03.643,5.75142,5.75416,1.71,4.35
2011.02.01 07:03:05.368,5.75142,5.75416,1.71,4.35
2011.02.01 07:03:06.140,5.75142,5.75352,1.71,1.20
2011.02.01 07:03:06.257,5.75142,5.75362,1.71,1.20
2011.02.01 07:03:08.461,5.75142,5.75353,1.71,1.20
2011.02.01 07:03:08.833,5.75142,5.75416,1.71,4.35
2011.02.01 07:03:09.010,5.75142,5.75352,1.71,1.20
2011.02.01 07:03:11.040,5.75142,5.75343,1.71,1.20
2011.02.01 07:03:11.151,5.75142,5.75343,1.71,1.20
2011.02.01 07:03:11.546,5.75101,5.75332,1.90,1.20
2011.02.01 07:03:11.884,5.75101,5.75416,1.90,4.35
2011.02.01 07:03:12.110,5.75101,5.75363,1.90,1.20
2011.02.01 07:03:12.222,5.75101,5.75416,1.90,4.35
2011.02.01 07:03:12.343,5.75101,5.75352,1.90,1.20
2011.02.01 07:03:13.320,5.75101,5.75416,1.90,4.35
2011.02.01 07:03:14.424,5.75101,5.75416,1.90,4.35
2011.02.01 07:03:14.541,5.75101,5.75362,1.90,1.20
2011.02.01 07:03:14.651,5.75101,5.75416,1.90,4.35
2011.02.01 07:03:15.042,5.75101,5.75342,1.90,1.20
2011.02.01 07:03:15.352,5.75101,5.75416,1.90,4.35
2011.02.01 07:03:17.018,5.75142,5.75416,1.71,4.35
2011.02.01 07:03:17.130,5.75142,5.75402,1.71,1.20
2011.02.01 07:03:17.240,5.75142,5.75416,1.71,4.35
2011.02.01 07:03:17.350,5.75142,5.75416,1.71,4.35
2011.02.01 07:03:22.154,5.75142,5.75416,1.71,4.35
2011.02.01 07:03:22.668,5.75142,5.75383,1.71,1.20
2011.02.01 07:03:23.274,5.75142,5.75416,1.71,4.35
2011.02.01 07:03:23.393,5.75142,5.75416,1.71,4.35
2011.02.01 07:03:24.449,5.75142,5.75416,1.71,4.35
2011.02.01 07:03:27.255,5.75142,5.75393,1.71,1.20
2011.02.01 07:03:27.370,5.75142,5.75416,1.71,4.35
2011.02.01 07:03:29.323,5.75142,5.75416,1.71,4.35
2011.02.01 07:03:29.444,5.75142,5.75449,1.71,2.48
2011.02.01 07:03:29.967,5.75142,5.75458,1.71,4.35
2011.02.01 07:03:30.194,5.75142,5.75423,1.71,1.20
2011.02.01 07:03:30.438,5.75142,5.75458,1.71,4.35
2011.02.01 07:03:30.892,5.75142,5.75422,1.71,1.20
2011.02.01 07:03:31.111,5.75142,5.75412,1.71,1.20
2011.02.01 07:03:32.565,5.75142,5.75458,1.71,4.35
2011.02.01 07:03:32.745,5.75142,5.75402,1.71,1.20
2011.02.01 07:03:34.010,5.75142,5.75413,1.71,1.20
2011.02.01 07:03:35.122,5.75141,5.75457,1.71,2.48
2011.02.01 07:03:35.238,5.75141,5.75459,1.71,4.35
2011.02.01 07:03:38.254,5.75141,5.75393,1.71,1.20
2011.02.01 07:03:38.825,5.75142,5.75402,1.71,1.20
2011.02.01 07:03:39.134,5.75142,5.75392,1.71,1.20
2011.02.01 07:03:39.342,5.75142,5.75402,1.71,1.20
2011.02.01 07:03:39.528,5.75142,5.75416,1.71,4.35
2011.02.01 07:03:39.641,5.75142,5.75416,1.71,4.35
2011.02.01 07:03:40.272,5.75141,5.75413,1.71,1.20
2011.02.01 07:03:42.959,5.75141,5.75459,1.71,4.35
2011.02.01 07:03:43.837,5.75141,5.75459,1.71,4.35
2011.02.01 07:03:44.692,5.75141,5.75392,1.71,1.20
2011.02.01 07:03:45.661,5.75141,5.75403,1.71,1.20
2011.02.01 07:03:46.332,5.75141,5.75412,1.71,1.20
2011.02.01 07:03:49.677,5.75141,5.75417,1.71,4.35
2011.02.01 07:03:51.053,5.75141,5.75392,1.71,1.20
2011.02.01 07:03:51.380,5.75141,5.75402,1.71,1.20
2011.02.01 07:03:51.491,5.75141,5.75413,1.71,1.20
2011.02.01 07:03:52.246,5.75142,5.75458,1.71,4.35
2011.02.01 07:03:52.990,5.75184,5.75458,1.71,4.35
2011.02.01 07:03:55.687,5.75184,5.75458,1.71,4.35
2011.02.01 07:03:56.034,5.75184,5.75458,1.71,4.35
2011.02.01 07:03:56.259,5.75184,5.75458,1.71,4.35
2011.02.01 07:04:02.685,5.75184,5.75458,1.71,4.35
2011.02.01 07:04:03.068,5.75184,5.75458,1.71,4.35
2011.02.01 07:04:03.680,5.75184,5.75458,1.71,4.35
2011.02.01 07:04:03.980,5.75184,5.75458,1.71,4.35
2011.02.01 07:04:04.090,5.75184,5.75403,1.71,1.98
2011.02.01 07:04:06.900,5.75184,5.75413,1.71,1.15
2011.02.01 07:04:07.285,5.75184,5.75412,1.71,1.23
2011.02.01 07:04:07.510,5.75184,5.75408,1.71,1.38
2011.02.01 07:04:07.902,5.75141,5.75433,1.71,1.98
2011.02.01 07:04:08.353,5.75142,5.75403,1.71,1.98
2011.02.01 07:04:08.704,5.75142,5.75408,1.71,1.38
2011.02.01 07:04:08.825,5.75142,5.75393,1.71,1.20
2011.02.01 07:04:09.332,5.75142,5.75403,1.71,1.98
2011.02.01 07:04:11.138,5.75142,5.75383,1.71,1.20
2011.02.01 07:04:11.457,5.75142,5.75403,1.71,1.98
2011.02.01 07:04:12.312,5.75142,5.75383,1.71,1.20
2011.02.01 07:04:12.504,5.75142,5.75403,1.71,1.98
2011.02.01 07:04:15.295,5.75142,5.75403,1.71,1.98
2011.02.01 07:04:15.771,5.75141,5.75383,1.71,1.20
2011.02.01 07:04:15.882,5.75141,5.75393,1.71,1.20
2011.02.01 07:04:16.442,5.75141,5.75383,1.71,1.20
2011.02.01 07:04:16.554,5.75141,5.75392,1.71,1.20
2011.02.01 07:04:17.393,5.75141,5.75403,1.71,1.98
2011.02.01 07:04:17.569,5.75141,5.75403,1.71,1.98
2011.02.01 07:04:17.697,5.75141,5.75403,1.71,1.60
2011.02.01 07:04:18.349,5.75141,5.75403,1.71,1.98
2011.02.01 07:04:18.473,5.75141,5.75403,1.71,2.58
2011.02.01 07:04:18.952,5.75141,5.75408,1.71,1.38
2011.02.01 07:04:21.173,5.75141,5.75427,1.71,1.08
2011.02.01 07:04:21.281,5.75141,5.75408,1.71,1.38
2011.02.01 07:04:23.833,5.75183,5.75438,1.71,1.08
2011.02.01 07:04:23.956,5.75183,5.75452,1.71,1.98
2011.02.01 07:04:24.291,5.75183,5.75442,1.71,1.20
2011.02.01 07:04:26.940,5.75183,5.75452,1.71,1.98
2011.02.01 07:04:31.920,5.75183,5.75453,1.71,1.23
2011.02.01 07:04:32.031,5.75183,5.75452,1.71,1.98
2011.02.01 07:04:32.488,5.75183,5.75453,1.71,1.23
2011.02.01 07:04:33.382,5.75183,5.75452,1.71,2.58
2011.02.01 07:04:33.802,5.75183,5.75452,1.71,1.98
2011.02.01 07:04:34.308,5.75183,5.75452,1.71,1.98
2011.02.01 07:04:34.845,5.75183,5.75442,1.71,1.20
2011.02.01 07:04:35.230,5.75183,5.75452,1.71,2.58
2011.02.01 07:04:35.340,5.75183,5.75443,1.71,1.20
2011.02.01 07:04:36.203,5.75183,5.75452,1.71,1.98
2011.02.01 07:04:36.358,5.75183,5.75452,1.71,1.79
2011.02.01 07:04:36.581,5.75183,5.75443,1.71,1.20
2011.02.01 07:04:39.142,5.75226,5.75452,1.71,1.79
2011.02.01 07:04:39.493,5.75226,5.75468,1.71,1.08
2011.02.01 07:04:40.760,5.75268,5.75502,1.71,1.20
2011.02.01 07:04:40.878,5.75268,5.75518,1.50,1.08
2011.02.01 07:04:41.215,5.75226,5.75492,1.71,1.20
2011.02.01 07:04:41.782,5.75226,5.75493,1.71,1.98
2011.02.01 07:04:41.892,5.75226,5.75493,1.71,1.60
2011.02.01 07:04:42.486,5.75226,5.75513,1.79,1.15
2011.02.01 07:04:46.102,5.75297,5.75547,4.30,1.50
2011.02.01 07:04:46.213,5.75309,5.75578,1.71,4.60
2011.02.01 07:04:47.224,5.75309,5.75573,1.71,1.60
2011.02.01 07:04:47.346,5.75309,5.75582,1.71,1.23
2011.02.01 07:04:49.007,5.75313,5.75602,1.26,1.23
2011.02.01 07:04:53.535,5.75352,5.75619,4.68,2.05
2011.02.01 07:04:53.881,5.75352,5.75619,4.68,1.50
2011.02.01 07:04:53.992,5.75393,5.75662,1.79,2.05
2011.02.01 07:04:54.399,5.75394,5.75663,1.71,1.83
2011.02.01 07:04:54.514,5.75394,5.75677,1.79,1.08
2011.02.01 07:04:55.903,5.75394,5.75663,1.71,2.58
2011.02.01 07:04:56.423,5.75394,5.75663,1.71,1.83
2011.02.01 07:04:56.535,5.75394,5.75687,4.30,1.08
2011.02.01 07:04:57.432,5.75393,5.75672,2.01,1.23
2011.02.01 07:04:57.794,5.75393,5.75663,1.71,1.83
2011.02.01 07:04:58.683,5.75394,5.75661,1.86,1.50
2011.02.01 07:04:58.804,5.75394,5.75661,1.71,4.45
2011.02.01 07:04:59.622,5.75351,5.75603,1.50,1.23
2011.02.01 07:04:59.740,5.75267,5.75558,4.30,1.08
2011.02.01 07:04:59.855,5.7531,5.75558,1.50,1.08
2011.02.01 07:05:02.388,5.7531,5.75542,1.50,1.15
2011.02.01 07:05:03.345,5.7531,5.75543,1.50,1.23
2011.02.01 07:05:04.190,5.7531,5.75538,1.50,1.08
2011.02.01 07:05:04.314,5.7531,5.75548,1.50,1.08
2011.02.01 07:05:08.402,5.7531,5.75573,1.71,1.23
2011.02.01 07:05:08.622,5.7531,5.75598,4.11,1.08
2011.02.01 07:05:09.048,5.7531,5.75572,1.71,1.98
2011.02.01 07:05:09.492,5.7531,5.75572,1.71,1.98
2011.02.01 07:05:09.948,5.75268,5.75548,1.71,1.08
2011.02.01 07:05:10.174,5.7531,5.75553,1.50,1.23
2011.02.01 07:05:15.668,5.75268,5.75532,1.71,1.98
2011.02.01 07:05:15.784,5.75268,5.75532,1.71,1.98
2011.02.01 07:05:16.012,5.75268,5.75532,1.71,2.20
2011.02.01 07:05:19.788,5.75268,5.75523,1.71,1.20
2011.02.01 07:05:20.010,5.75268,5.75532,1.71,1.98
2011.02.01 07:05:22.697,5.75267,5.75557,4.30,1.08
2011.02.01 07:05:23.473,5.75309,5.75573,1.50,1.23
2011.02.01 07:05:28.889,5.7531,5.75573,1.50,1.23
2011.02.01 07:05:29.005,5.75272,5.75573,1.26,1.23
2011.02.01 07:05:29.677,5.75309,5.75577,1.50,1.08
2011.02.01 07:05:31.396,5.75309,5.75585,1.65,2.13
2011.02.01 07:05:31.516,5.75309,5.75585,1.71,4.53
2011.02.01 07:05:32.331,5.75267,5.75547,1.86,1.38
2011.02.01 07:05:41.470,5.75267,5.75533,1.71,1.23
2011.02.01 07:05:41.962,5.75267,5.75543,1.86,1.23
2011.02.01 07:05:48.405,5.75268,5.75537,1.71,1.38
2011.02.01 07:05:48.776,5.75262,5.75512,1.71,1.50
2011.02.01 07:05:49.110,5.75268,5.75532,1.71,1.98
2011.02.01 07:05:49.672,5.75268,5.75532,1.71,1.79
2011.02.01 07:05:50.924,5.75268,5.75532,1.71,1.98
2011.02.01 07:05:51.367,5.75261,5.75513,1.71,4.35
2011.02.01 07:05:51.702,5.75261,5.75513,1.71,4.35
2011.02.01 07:05:51.812,5.75261,5.75513,1.71,4.95
2011.02.01 07:05:53.390,5.75261,5.75502,1.71,1.20
2011.02.01 07:05:54.024,5.75261,5.75513,1.71,4.35
2011.02.01 07:05:54.362,5.75219,5.75443,1.71,1.20
2011.02.01 07:05:54.473,5.75219,5.75471,1.71,4.35
2011.02.01 07:05:56.303,5.75219,5.75471,1.71,4.35
2011.02.01 07:05:59.384,5.75219,5.75452,1.71,1.20
2011.02.01 07:06:00.814,5.75219,5.75471,1.71,4.35
2011.02.01 07:06:01.130,5.75219,5.75453,1.71,1.20
2011.02.01 07:06:01.375,5.75219,5.75462,1.71,1.20
2011.02.01 07:06:02.590,5.75219,5.75471,1.71,4.58
2011.02.01 07:06:02.701,5.75219,5.75471,1.71,1.50
2011.02.01 07:06:02.812,5.75225,5.75492,1.71,1.79
2011.02.01 07:06:05.978,5.75225,5.75472,1.71,1.20
2011.02.01 07:06:07.527,5.75219,5.75471,1.71,4.35
2011.02.01 07:06:08.196,5.75219,5.75471,1.71,1.65
2011.02.01 07:06:08.696,5.75219,5.75471,1.71,4.35
2011.02.01 07:06:08.819,5.75219,5.75442,1.71,1.20
2011.02.01 07:06:09.044,5.75183,5.75422,1.71,1.20
2011.02.01 07:06:09.162,5.75183,5.75452,1.71,1.98
2011.02.01 07:06:09.955,5.75183,5.75452,1.71,1.98
2011.02.01 07:06:10.619,5.75183,5.75452,1.71,1.98
2011.02.01 07:06:10.976,5.75183,5.75452,1.71,1.98
2011.02.01 07:06:11.831,5.75183,5.75443,1.71,1.20
2011.02.01 07:06:11.945,5.75183,5.75452,1.71,1.79
2011.02.01 07:06:12.290,5.75183,5.75453,1.71,1.23
2011.02.01 07:06:12.401,5.75183,5.75452,1.71,1.79
2011.02.01 07:06:13.412,5.75183,5.75457,1.71,1.38
2011.02.01 07:06:17.571,5.75183,5.75463,1.71,1.23
2011.02.01 07:06:18.888,5.75183,5.75452,1.71,1.79
2011.02.01 07:06:19.221,5.75178,5.75428,1.71,1.50
2011.02.01 07:06:20.472,5.75178,5.75428,1.71,1.80
2011.02.01 07:06:20.801,5.75177,5.75429,1.79,1.50
2011.02.01 07:06:21.021,5.75183,5.75458,1.71,1.08
2011.02.01 07:06:21.132,5.75178,5.75428,1.71,1.50
2011.02.01 07:06:21.525,5.75183,5.75452,1.71,1.98
2011.02.01 07:06:21.791,5.75183,5.75452,1.71,1.98
2011.02.01 07:06:22.011,5.75183,5.75452,1.71,1.98
2011.02.01 07:06:23.909,5.75183,5.75452,1.71,1.98
2011.02.01 07:06:24.911,5.75177,5.75429,1.71,1.50
2011.02.01 07:06:25.243,5.75183,5.75442,1.71,1.20
2011.02.01 07:06:25.572,5.75177,5.75429,1.71,1.50
2011.02.01 07:06:25.892,5.75183,5.75452,1.71,1.98
2011.02.01 07:06:26.008,5.75177,5.75429,1.71,1.65
2011.02.01 07:06:26.235,5.75177,5.75429,1.86,1.50
2011.02.01 07:06:26.354,5.75183,5.75457,1.71,1.38
2011.02.01 07:06:26.583,5.75183,5.75465,1.71,4.75
2011.02.01 07:06:26.821,5.75183,5.75458,1.71,1.08
2011.02.01 07:06:27.164,5.75183,5.75465,1.71,4.75
2011.02.01 07:06:27.506,5.75183,5.75452,1.71,1.98
2011.02.01 07:06:27.844,5.75178,5.75428,1.71,1.50
2011.02.01 07:06:28.306,5.75178,5.75428,1.71,1.65
2011.02.01 07:06:28.612,5.75178,5.75428,1.71,4.17
2011.02.01 07:06:32.060,5.75178,5.75413,1.71,1.20
2011.02.01 07:06:32.777,5.75178,5.75412,1.71,1.20
2011.02.01 07:06:33.112,5.75178,5.75403,1.71,1.20
2011.02.01 07:06:33.357,5.75178,5.75413,1.71,1.20
2011.02.01 07:06:33.955,5.75178,5.75428,1.71,4.35
2011.02.01 07:06:34.261,5.75178,5.75428,1.71,4.35
2011.02.01 07:06:35.572,5.75178,5.75428,1.71,4.35
2011.02.01 07:06:35.682,5.75178,5.75403,1.71,1.98
2011.02.01 07:06:36.097,5.75141,5.75403,1.71,1.98
2011.02.01 07:06:36.215,5.75141,5.75403,1.71,1.98
2011.02.01 07:06:36.807,5.75141,5.75403,1.71,1.98
2011.02.01 07:06:39.422,5.75141,5.75403,1.71,2.58
2011.02.01 07:06:39.751,5.75177,5.75403,1.71,1.83
2011.02.01 07:06:43.104,5.75177,5.75393,1.71,1.20
2011.02.01 07:06:44.662,5.75177,5.75383,1.71,1.20
2011.02.01 07:06:45.105,5.75177,5.75403,1.71,1.98
2011.02.01 07:06:46.241,5.75177,5.75403,1.71,2.58
2011.02.01 07:06:47.275,5.75177,5.75403,1.71,1.98
2011.02.01 07:06:48.058,5.75177,5.75403,1.71,1.98
2011.02.01 07:06:48.417,5.75177,5.75373,1.71,1.20
2011.02.01 07:06:48.530,5.75177,5.75403,1.71,1.98
2011.02.01 07:06:49.083,5.7522,5.75402,1.50,1.20
2011.02.01 07:06:49.412,5.75184,5.75453,1.71,1.98
2011.02.01 07:06:49.747,5.75184,5.75453,1.71,1.98
2011.02.01 07:06:49.864,5.75184,5.75453,1.71,1.98
2011.02.01 07:06:50.231,5.75184,5.75453,1.71,1.98
2011.02.01 07:06:50.562,5.7522,5.75453,1.71,1.98
2011.02.01 07:06:51.365,5.7522,5.75392,1.71,1.20
2011.02.01 07:06:52.254,5.75183,5.75453,1.71,1.98
2011.02.01 07:06:52.823,5.75183,5.75453,1.71,1.98
2011.02.01 07:06:53.322,5.75183,5.75372,1.71,1.20
2011.02.01 07:06:53.652,5.75177,5.75429,1.71,4.35
2011.02.01 07:06:54.413,5.75177,5.75429,1.71,4.35
2011.02.01 07:06:55.942,5.75177,5.75429,1.71,4.35
2011.02.01 07:06:56.162,5.75154,5.75372,1.50,1.98
2011.02.01 07:06:56.607,5.75155,5.75362,1.50,1.20
2011.02.01 07:06:56.947,5.75155,5.75372,1.50,1.98
2011.02.01 07:06:57.756,5.75155,5.75343,1.50,1.20
2011.02.01 07:06:58.118,5.75134,5.75303,1.71,1.20
2011.02.01 07:06:58.237,5.75118,5.75303,2.25,2.58
2011.02.01 07:06:58.358,5.75112,5.75327,1.50,1.08
2011.02.01 07:06:59.109,5.75154,5.75352,1.50,1.98
2011.02.01 07:07:00.439,5.75112,5.75323,1.50,1.23
2011.02.01 07:07:03.236,5.75112,5.75342,1.50,1.15
2011.02.01 07:07:03.571,5.75155,5.75347,1.50,1.08
2011.02.01 07:07:06.382,5.75155,5.75323,1.50,1.23
2011.02.01 07:07:06.711,5.75113,5.75322,1.50,2.20
2011.02.01 07:07:06.822,5.75113,5.75328,1.50,1.08
2011.02.01 07:07:07.257,5.75113,5.75328,2.25,1.08
2011.02.01 07:07:07.682,5.75113,5.75322,2.25,2.58
2011.02.01 07:07:07.797,5.75113,5.75323,2.25,1.23
2011.02.01 07:07:07.914,5.75113,5.75322,2.25,2.58
2011.02.01 07:07:08.467,5.75113,5.75328,2.25,1.08
2011.02.01 07:07:08.946,5.75154,5.75328,2.25,1.08
2011.02.01 07:07:09.273,5.75113,5.75328,2.25,1.08
2011.02.01 07:07:09.604,5.75113,5.75322,2.25,1.79
2011.02.01 07:07:12.029,5.75113,5.75328,2.25,1.08
2011.02.01 07:07:12.145,5.75113,5.75322,2.25,1.98
2011.02.01 07:07:12.347,5.75113,5.75328,2.25,1.08
2011.02.01 07:07:13.596,5.75113,5.75313,2.25,1.20
2011.02.01 07:07:13.712,5.75112,5.75313,2.25,1.20
2011.02.01 07:07:14.319,5.75112,5.75322,2.25,1.98
2011.02.01 07:07:14.439,5.75112,5.75322,2.25,1.98
2011.02.01 07:07:14.557,5.75112,5.75322,2.25,1.79
2011.02.01 07:07:14.783,5.75112,5.75312,2.25,1.20
2011.02.01 07:07:14.894,5.75112,5.75322,2.25,1.98
2011.02.01 07:07:16.814,5.75112,5.75322,2.25,1.98
2011.02.01 07:07:16.934,5.75112,5.75322,2.25,1.79
2011.02.01 07:07:18.405,5.75112,5.75302,2.25,1.20
2011.02.01 07:07:18.521,5.75112,5.75322,2.25,1.98
2011.02.01 07:07:18.631,5.75112,5.75322,2.25,1.98
2011.02.01 07:07:19.231,5.75112,5.75302,2.25,1.20
2011.02.01 07:07:19.346,5.75112,5.75322,2.25,2.58
2011.02.01 07:07:19.954,5.75112,5.75312,2.25,1.20
2011.02.01 07:07:20.288,5.75112,5.75322,2.25,1.98
2011.02.01 07:07:20.731,5.75112,5.75322,2.25,1.98
2011.02.01 07:07:21.093,5.75112,5.75302,2.25,1.20
2011.02.01 07:07:21.454,5.75112,5.75322,2.25,1.98
2011.02.01 07:07:21.772,5.75112,5.75322,2.25,1.98
2011.02.01 07:07:22.155,5.75112,5.75322,2.25,1.98
2011.02.01 07:07:22.485,5.75112,5.75322,2.25,1.98
2011.02.01 07:07:23.098,5.75112,5.75313,2.25,1.20
2011.02.01 07:07:24.652,5.75112,5.75322,2.25,1.79
2011.02.01 07:07:24.764,5.75112,5.75322,2.25,1.98
2011.02.01 07:07:26.465,5.75112,5.75322,2.25,2.58
2011.02.01 07:07:26.583,5.75112,5.75328,2.25,1.08
2011.02.01 07:07:26.694,5.75113,5.75333,2.25,1.38
2011.02.01 07:07:26.813,5.75154,5.75348,2.25,1.08
2011.02.01 07:07:27.352,5.75155,5.75367,2.25,2.33
2011.02.01 07:07:27.466,5.75155,5.75367,2.25,2.48
2011.02.01 07:07:27.809,5.75155,5.75372,2.25,1.98
2011.02.01 07:07:28.160,5.75155,5.75372,2.25,1.98
2011.02.01 07:07:28.280,5.75155,5.75372,2.25,1.98
2011.02.01 07:07:28.698,5.75119,5.75322,1.15,1.20
2011.02.01 07:07:28.935,5.75119,5.75322,1.15,1.20
2011.02.01 07:07:29.298,5.75119,5.75303,1.15,1.20
2011.02.01 07:07:30.456,5.74917,5.75322,1.15,6.23
2011.02.01 07:07:30.574,5.74897,5.75322,1.15,6.23
2011.02.01 07:07:30.696,5.74897,5.75312,1.15,1.20
2011.02.01 07:07:30.814,5.74868,5.75293,3.21,1.15
2011.02.01 07:07:31.762,5.74957,5.75327,3.21,1.08
2011.02.01 07:07:32.204,5.74957,5.75298,3.21,1.08
2011.02.01 07:07:33.786,5.74957,5.75278,3.21,1.38
2011.02.01 07:07:34.227,5.74957,5.75282,3.21,1.23
2011.02.01 07:07:34.455,5.74957,5.75263,3.21,1.20
2011.02.01 07:07:34.941,5.74919,5.75293,2.46,2.80
2011.02.01 07:07:35.165,5.74919,5.75283,2.46,1.50
2011.02.01 07:07:35.399,5.7492,5.75267,2.46,2.05
2011.02.01 07:07:36.103,5.7492,5.75267,2.46,4.35
2011.02.01 07:07:36.437,5.74917,5.75203,3.21,1.20
2011.02.01 07:07:37.152,5.74956,5.75268,1.15,4.35
2011.02.01 07:07:37.375,5.74956,5.75268,1.15,4.35
2011.02.01 07:07:37.889,5.74956,5.75213,1.15,1.20
2011.02.01 07:07:38.836,5.74961,5.75212,1.15,1.20
2011.02.01 07:07:39.151,5.74961,5.75212,1.15,1.20
2011.02.01 07:07:39.487,5.74961,5.75263,1.15,2.48
2011.02.01 07:07:41.227,5.74961,5.75263,1.15,2.48
2011.02.01 07:07:41.464,5.74917,5.75263,3.21,2.48
2011.02.01 07:07:41.911,5.74917,5.75226,3.21,4.35
2011.02.01 07:07:42.669,5.74963,5.75222,1.15,1.20
2011.02.01 07:07:42.894,5.74963,5.75212,1.15,1.20
2011.02.01 07:07:43.124,5.74963,5.75212,1.15,1.20
2011.02.01 07:07:43.817,5.74963,5.75213,1.15,1.20
2011.02.01 07:07:44.266,5.74963,5.75228,1.15,2.48
2011.02.01 07:07:44.856,5.74963,5.75193,1.15,1.20
2011.02.01 07:07:45.975,5.74963,5.75215,1.15,2.48
2011.02.01 07:07:46.819,5.74963,5.75215,1.15,2.10
2011.02.01 07:07:47.262,5.75038,5.75245,2.65,1.50
2011.02.01 07:07:47.592,5.75057,5.75307,1.15,1.05
2011.02.01 07:07:48.027,5.75057,5.75312,1.15,2.28
2011.02.01 07:07:48.145,5.75038,5.75272,3.21,1.30
2011.02.01 07:07:51.757,5.75038,5.75272,3.21,2.28
2011.02.01 07:07:52.225,5.75038,5.75272,3.21,2.28
2011.02.01 07:07:58.075,5.74995,5.75272,2.46,1.38
2011.02.01 07:07:58.611,5.74995,5.75263,2.46,1.09
2011.02.01 07:07:58.831,5.74995,5.75272,2.46,2.28
2011.02.01 07:07:59.245,5.74995,5.75261,2.46,2.48
2011.02.01 07:08:00.479,5.74995,5.75261,2.46,2.48
2011.02.01 07:08:01.080,5.74995,5.75232,2.46,1.20
2011.02.01 07:08:04.263,5.74995,5.75261,2.46,2.48
2011.02.01 07:08:04.804,5.74995,5.75272,2.46,2.46
2011.02.01 07:08:04.923,5.74966,5.7524,2.46,1.50
2011.02.01 07:08:05.493,5.74965,5.7524,2.46,1.50
2011.02.01 07:08:05.611,5.74965,5.7524,2.46,1.50
2011.02.01 07:08:05.951,5.75008,5.75256,2.46,1.50
2011.02.01 07:08:06.393,5.75017,5.75262,1.15,1.50
2011.02.01 07:08:06.505,5.75017,5.75272,1.15,1.38
2011.02.01 07:08:06.625,5.75029,5.75281,2.46,1.45
2011.02.01 07:08:06.745,5.75029,5.75281,2.46,1.45
2011.02.01 07:08:10.815,5.75029,5.75278,2.46,1.08
2011.02.01 07:08:10.933,5.75017,5.75272,1.15,1.30
2011.02.01 07:08:11.044,5.7503,5.7528,2.46,2.58
2011.02.01 07:08:11.388,5.7503,5.7528,2.46,2.84
2011.02.01 07:08:16.000,5.7503,5.7528,2.46,1.60
2011.02.01 07:08:19.585,5.7503,5.7528,2.46,2.84
2011.02.01 07:08:19.978,5.7503,5.75264,2.46,2.10
2011.02.01 07:08:20.096,5.75017,5.75264,1.15,2.48
2011.02.01 07:08:20.542,5.75017,5.75264,1.15,2.10
2011.02.01 07:08:20.764,5.74973,5.75223,2.46,2.05
2011.02.01 07:08:20.883,5.74973,5.75223,2.46,2.05
2011.02.01 07:08:21.340,5.74962,5.75212,2.46,2.05
2011.02.01 07:08:21.454,5.74962,5.75212,2.46,2.80
2011.02.01 07:08:22.286,5.74941,5.75191,2.46,1.50
2011.02.01 07:08:22.709,5.74941,5.75191,2.46,2.25
2011.02.01 07:08:30.189,5.75074,5.75198,1.50,1.05
2011.02.01 07:08:30.413,5.75074,5.75292,1.50,1.38
2011.02.01 07:08:30.637,5.75074,5.75302,1.50,1.30
2011.02.01 07:08:35.433,5.75144,5.75342,1.71,1.50
2011.02.01 07:08:35.543,5.75144,5.75367,1.71,1.65
2011.02.01 07:08:36.570,5.75164,5.75377,1.50,1.05
2011.02.01 07:08:36.894,5.75186,5.75382,1.50,1.45
2011.02.01 07:08:37.114,5.75186,5.75398,1.71,1.05
2011.02.01 07:08:42.086,5.75186,5.75388,1.71,1.05
2011.02.01 07:08:43.012,5.75249,5.75438,1.71,1.05
2011.02.01 07:08:43.130,5.75249,5.75452,1.71,1.09
2011.02.01 07:08:43.606,5.7527,5.75472,1.50,1.09
2011.02.01 07:08:43.727,5.7527,5.75469,1.50,2.48
2011.02.01 07:08:43.956,5.75189,5.75469,1.15,2.29
2011.02.01 07:08:45.474,5.75189,5.75469,1.15,2.48
2011.02.01 07:08:46.000,5.75193,5.75469,1.15,2.48
2011.02.01 07:08:46.119,5.75193,5.75469,1.15,2.70
2011.02.01 07:08:46.236,5.75193,5.75469,1.15,2.48
2011.02.01 07:08:46.856,5.75193,5.75452,1.15,2.48
2011.02.01 07:08:46.980,5.75193,5.75452,1.15,2.48
2011.02.01 07:08:48.434,5.75193,5.75452,1.15,2.29
2011.02.01 07:08:48.666,5.75193,5.75452,1.15,1.20
2011.02.01 07:08:49.006,5.75248,5.75467,1.15,1.05
2011.02.01 07:08:49.125,5.75248,5.75473,1.15,1.20
2011.02.01 07:08:50.825,5.75248,5.75485,1.15,2.48
2011.02.01 07:08:51.857,5.75248,5.75485,1.15,2.48
2011.02.01 07:08:52.483,5.75248,5.75485,1.15,2.48
2011.02.01 07:08:52.593,5.75248,5.75492,1.15,1.30
2011.02.01 07:08:52.943,5.75248,5.75511,1.15,2.29
2011.02.01 07:08:53.342,5.7527,5.75502,2.46,1.20
2011.02.01 07:08:54.972,5.75311,5.75511,2.25,2.48
2011.02.01 07:08:55.378,5.75333,5.75511,1.50,2.48
2011.02.01 07:08:55.493,5.75333,5.75502,1.50,1.20
2011.02.01 07:08:55.789,5.75333,5.75492,1.50,1.20
2011.02.01 07:08:55.910,5.75311,5.75511,2.25,2.48
2011.02.01 07:08:56.366,5.7527,5.75492,2.25,1.98
2011.02.01 07:08:56.705,5.7527,5.7547,2.25,2.48
2011.02.01 07:08:57.083,5.7527,5.75463,2.25,1.20
2011.02.01 07:08:57.193,5.7527,5.7547,2.25,2.70
2011.02.01 07:08:57.873,5.75249,5.7547,2.46,2.48
2011.02.01 07:08:58.300,5.75249,5.75452,2.46,2.48
2011.02.01 07:08:58.695,5.75249,5.75452,2.46,2.48
2011.02.01 07:09:00.285,5.75249,5.75452,2.46,2.48
2011.02.01 07:09:01.803,5.75249,5.75452,2.46,2.48
2011.02.01 07:09:02.377,5.75249,5.75452,2.46,2.48
2011.02.01 07:09:08.484,5.75249,5.75452,2.46,2.48
2011.02.01 07:09:08.603,5.75249,5.75452,2.46,2.29
2011.02.01 07:09:08.716,5.75249,5.75484,2.46,2.48
2011.02.01 07:09:08.834,5.75291,5.75484,1.50,2.48
2011.02.01 07:09:08.952,5.75291,5.75484,1.50,2.48
2011.02.01 07:09:09.063,5.75291,5.75462,1.50,1.20
2011.02.01 07:09:09.520,5.7527,5.75443,2.25,1.20
2011.02.01 07:09:09.855,5.75249,5.75452,2.46,2.48
2011.02.01 07:09:12.244,5.75249,5.75452,2.46,2.48
2011.02.01 07:09:12.795,5.75249,5.75452,2.46,2.48
2011.02.01 07:09:13.038,5.75291,5.75463,1.50,1.09
2011.02.01 07:09:13.600,5.7527,5.75486,2.25,2.48
2011.02.01 07:09:13.721,5.75228,5.75423,2.25,1.83
2011.02.01 07:09:13.837,5.75228,5.75392,2.46,1.20
2011.02.01 07:09:13.955,5.75209,5.75442,1.15,1.98
2011.02.01 07:09:14.076,5.75209,5.75393,1.15,1.20
2011.02.01 07:09:14.567,5.75206,5.75411,2.46,2.48
2011.02.01 07:09:15.014,5.75206,5.75393,2.46,1.20
2011.02.01 07:09:15.491,5.75238,5.75427,1.15,1.50
2011.02.01 07:09:15.604,5.75238,5.7545,1.15,1.50
2011.02.01 07:09:15.728,5.75228,5.75472,3.21,1.30
2011.02.01 07:09:15.844,5.75261,5.75472,1.50,1.30
2011.02.01 07:09:16.408,5.75261,5.75503,2.25,1.30
2011.02.01 07:09:23.452,5.75287,5.75528,1.04,1.30
2011.02.01 07:09:23.565,5.75303,5.75544,2.25,1.30
2011.02.01 07:09:24.339,5.75292,5.75527,1.15,1.30
2011.02.01 07:09:26.948,5.75292,5.75527,1.15,1.45
2011.02.01 07:09:29.004,5.75302,5.75563,2.46,1.38
2011.02.01 07:09:29.225,5.75302,5.75563,2.46,1.38
2011.02.01 07:09:29.564,5.75331,5.7557,1.15,1.30
2011.02.01 07:09:29.963,5.75345,5.75589,2.25,1.30
2011.02.01 07:09:34.187,5.75342,5.75581,2.25,1.30
2011.02.01 07:09:34.305,5.75288,5.75563,3.21,1.30
2011.02.01 07:09:34.424,5.75208,5.75563,1.15,2.05
2011.02.01 07:09:34.651,5.75234,5.75513,2.46,1.50
2011.02.01 07:09:35.790,5.75243,5.75539,1.15,1.50
2011.02.01 07:09:35.905,5.75243,5.75539,1.15,1.50
2011.02.01 07:09:36.317,5.75243,5.75521,1.15,1.50
2011.02.01 07:09:38.523,5.75243,5.75502,1.15,1.09
2011.02.01 07:09:39.623,5.75243,5.75512,1.15,1.09
2011.02.01 07:09:39.955,5.75243,5.75499,1.15,2.29
2011.02.01 07:09:40.076,5.75234,5.75499,2.46,2.29
2011.02.01 07:09:40.303,5.75234,5.75492,2.46,1.20
2011.02.01 07:09:41.225,5.75228,5.75496,1.04,1.58
2011.02.01 07:09:44.064,5.75228,5.75496,1.04,1.58
2011.02.01 07:09:59.895,5.75237,5.75513,1.04,1.09
2011.02.01 07:10:01.617,5.75248,5.75514,1.04,1.58
2011.02.01 07:10:01.844,5.75257,5.75522,1.11,1.50
2011.02.01 07:10:02.775,5.75277,5.75553,2.54,2.97
2011.02.01 07:10:03.171,5.75258,5.75512,3.21,1.09
2011.02.01 07:10:11.523,5.75288,5.75521,1.11,1.50
2011.02.01 07:10:14.255,5.75178,5.75516,1.04,1.50
2011.02.01 07:10:15.826,5.75178,5.75532,1.11,1.50
2011.02.01 07:10:16.054,5.75197,5.75515,1.04,1.50
2011.02.01 07:10:22.852,5.75138,5.75515,1.04,1.50
2011.02.01 07:10:28.305,5.75127,5.75473,3.21,1.58
2011.02.01 07:10:29.668,5.75167,5.75453,1.04,3.00
2011.02.01 07:10:29.795,5.75197,5.75523,1.04,2.25
2011.02.01 07:10:31.176,5.75177,5.75523,1.04,3.00
2011.02.01 07:10:31.624,5.75157,5.75523,1.11,3.00
2011.02.01 07:10:32.028,5.75167,5.75515,1.04,1.50
2011.02.01 07:10:32.714,5.75227,5.75523,1.04,3.00
2011.02.01 07:10:33.152,5.75227,5.75583,1.04,3.00
2011.02.01 07:10:35.076,5.75268,5.75583,1.04,3.00
2011.02.01 07:10:35.200,5.75288,5.75583,1.04,2.25
2011.02.01 07:10:35.574,5.75257,5.75641,1.04,1.50
2011.02.01 07:10:35.796,5.75268,5.75641,1.04,1.50
2011.02.01 07:10:36.463,5.75248,5.75641,3.21,2.78
2011.02.01 07:10:36.584,5.75237,5.75582,1.04,3.00
2011.02.01 07:10:37.402,5.75227,5.75582,1.04,3.00
2011.02.01 07:10:37.516,5.75258,5.75582,1.04,2.25
2011.02.01 07:10:39.858,5.75208,5.75582,3.21,3.00
2011.02.01 07:10:41.886,5.75288,5.75609,3.21,1.50
2011.02.01 07:10:42.246,5.75288,5.75633,3.21,1.65
2011.02.01 07:10:42.476,5.75293,5.75632,1.15,1.50
2011.02.01 07:10:46.676,5.75347,5.75625,1.11,1.50
2011.02.01 07:10:46.795,5.75338,5.75642,1.04,1.50
2011.02.01 07:10:46.914,5.75338,5.7565,3.29,1.50
2011.02.01 07:10:47.569,5.75338,5.75617,3.21,1.05
2011.02.01 07:10:48.024,5.75338,5.75634,3.21,1.65
2011.02.01 07:10:48.489,5.75338,5.75634,3.21,1.65
2011.02.01 07:10:49.937,5.75338,5.75634,3.21,1.58
2011.02.01 07:10:50.353,5.75338,5.75648,3.21,1.05
2011.02.01 07:10:53.575,5.75338,5.75644,3.21,2.10
2011.02.01 07:10:53.694,5.75338,5.75644,3.21,1.58
2011.02.01 07:10:53.940,5.75338,5.75636,3.21,1.50
2011.02.01 07:10:54.168,5.75338,5.75642,3.21,1.09
2011.02.01 07:10:54.393,5.75338,5.75634,3.21,1.58
2011.02.01 07:10:56.226,5.75338,5.7565,3.21,1.50
2011.02.01 07:10:58.226,5.75338,5.75643,3.21,1.09
2011.02.01 07:11:03.541,5.75287,5.75613,1.04,1.09
2011.02.01 07:11:03.765,5.75297,5.75594,1.04,1.50
2011.02.01 07:11:03.994,5.75308,5.75608,1.04,1.50
2011.02.01 07:11:07.776,5.75288,5.75591,1.11,1.50
2011.02.01 07:11:08.004,5.75297,5.75609,1.04,1.50
2011.02.01 07:11:11.404,5.75298,5.75609,1.04,1.50
2011.02.01 07:11:11.519,5.75288,5.75608,1.04,2.78
2011.02.01 07:11:14.365,5.75307,5.75625,1.11,1.65
2011.02.01 07:11:16.514,5.75287,5.75602,2.46,1.20
2011.02.01 07:11:16.623,5.75298,5.75622,1.04,1.09
2011.02.01 07:11:17.764,5.75287,5.75608,1.11,1.05
2011.02.01 07:11:27.039,5.75277,5.75603,3.29,1.09
2011.02.01 07:11:29.794,5.75327,5.75592,1.04,1.50
2011.02.01 07:11:33.784,5.75337,5.75591,1.04,1.50
2011.02.01 07:11:37.785,5.75337,5.75609,1.04,1.50
2011.02.01 07:11:40.156,5.75327,5.75591,1.11,1.50
2011.02.01 07:11:42.656,5.75288,5.75579,1.11,1.50
2011.02.01 07:11:42.775,5.75288,5.75579,1.11,1.50
2011.02.01 07:11:43.121,5.75288,5.75567,1.11,1.50
2011.02.01 07:11:53.043,5.75327,5.75583,1.04,1.50
2011.02.01 07:11:58.847,5.75307,5.75566,1.11,1.50
2011.02.01 07:11:59.236,5.75307,5.75549,1.11,1.50
2011.02.01 07:11:59.464,5.75317,5.75566,1.04,1.50
2011.02.01 07:12:13.749,5.75267,5.75522,1.04,1.50
2011.02.01 07:12:13.866,5.75267,5.75521,1.04,1.50
2011.02.01 07:12:16.609,5.75258,5.75482,1.60,2.05
2011.02.01 07:12:16.727,5.75252,5.75482,1.11,2.05
2011.02.01 07:12:17.067,5.75252,5.75482,2.61,2.05
2011.02.01 07:12:17.380,5.75252,5.75482,2.61,2.05
2011.02.01 07:12:17.853,5.75252,5.75473,1.11,1.50
2011.02.01 07:12:17.985,5.75253,5.75473,1.04,1.50
2011.02.01 07:12:19.047,5.75263,5.75482,1.05,1.30
2011.02.01 07:12:19.275,5.75254,5.75475,2.31,1.50
2011.02.01 07:12:22.756,5.75257,5.7548,1.11,1.50
2011.02.01 07:12:23.141,5.75217,5.7548,3.36,1.50
2011.02.01 07:12:23.259,5.75217,5.75472,3.21,1.09
2011.02.01 07:12:23.379,5.75188,5.75453,1.23,1.50
2011.02.01 07:12:24.968,5.75198,5.75437,1.04,1.50
2011.02.01 07:12:25.195,5.75208,5.75437,1.11,1.50
2011.02.01 07:12:25.669,5.75207,5.75438,1.04,1.50
2011.02.01 07:12:25.784,5.75207,5.75438,1.04,1.50
2011.02.01 07:12:27.724,5.75207,5.75438,1.11,1.50
2011.02.01 07:12:28.415,5.75198,5.75433,1.04,1.30
2011.02.01 07:12:29.611,5.75137,5.7541,1.04,1.50
2011.02.01 07:12:30.210,5.75148,5.75411,1.11,1.50
2011.02.01 07:12:33.307,5.75206,5.75427,2.76,1.50
2011.02.01 07:12:33.818,5.75206,5.75427,1.04,1.50
2011.02.01 07:12:35.224,5.75178,5.75427,1.11,1.50
2011.02.01 07:12:35.344,5.75178,5.75416,1.11,1.50
2011.02.01 07:12:35.454,5.75187,5.75416,1.04,1.50
2011.02.01 07:12:36.061,5.75157,5.75398,1.04,1.50
2011.02.01 07:12:36.177,5.75147,5.75392,1.11,1.30
2011.02.01 07:12:37.821,5.75108,5.75357,1.04,1.50
2011.02.01 07:12:40.794,5.75118,5.75357,1.04,1.50
2011.02.01 07:12:41.020,5.75098,5.75367,1.11,1.05
2011.02.01 07:12:45.826,5.75108,5.75356,1.11,1.50
2011.02.01 07:12:46.134,5.75128,5.75374,1.04,1.50
2011.02.01 07:12:46.249,5.75117,5.75374,1.11,1.50
2011.02.01 07:12:52.267,5.75065,5.75333,1.15,2.35
2011.02.01 07:12:52.390,5.75065,5.75303,1.15,1.09
2011.02.01 07:12:52.617,5.75065,5.75322,1.15,1.09
2011.02.01 07:12:54.474,5.75085,5.75338,2.46,1.05
2011.02.01 07:12:58.286,5.75043,5.75293,2.25,2.05
2011.02.01 07:12:59.125,5.75043,5.75282,2.25,1.30
2011.02.01 07:13:00.692,5.75043,5.75293,2.25,2.05
2011.02.01 07:13:03.117,5.75021,5.75273,2.46,1.50
2011.02.01 07:13:03.242,5.75044,5.75313,2.46,1.09
2011.02.01 07:13:03.356,5.75044,5.75322,2.46,1.09
2011.02.01 07:13:04.880,5.75044,5.75308,2.46,1.05
2011.02.01 07:13:04.993,5.75044,5.75317,2.46,1.05
2011.02.01 07:13:05.549,5.75044,5.75307,2.46,1.05
2011.02.01 07:13:05.993,5.75047,5.75318,1.11,1.05
2011.02.01 07:13:06.353,5.75044,5.75308,2.46,1.05
2011.02.01 07:13:07.104,5.75057,5.75329,1.04,2.78
2011.02.01 07:13:07.953,5.75044,5.75308,2.46,1.50
2011.02.01 07:13:14.141,5.75057,5.7529,1.04,1.50
2011.02.01 07:13:16.404,5.75028,5.7529,1.04,1.50
2011.02.01 07:13:16.757,5.75018,5.75287,1.11,1.05
2011.02.01 07:13:17.209,5.75017,5.75268,1.11,1.50
2011.02.01 07:13:19.245,5.75028,5.75284,1.04,1.50
2011.02.01 07:13:20.082,5.75047,5.75305,1.11,1.50
2011.02.01 07:13:24.658,5.75079,5.75323,2.46,1.50
2011.02.01 07:13:26.393,5.75079,5.75318,2.46,1.05
2011.02.01 07:13:26.991,5.75053,5.75267,1.05,1.30
2011.02.01 07:13:27.114,5.74977,5.75223,1.04,1.30
2011.02.01 07:13:28.173,5.74968,5.75223,1.04,1.30
2011.02.01 07:13:28.287,5.74957,5.75222,1.04,1.50
2011.02.01 07:13:28.406,5.74958,5.75206,1.11,1.50
2011.02.01 07:13:28.778,5.74958,5.75206,1.11,1.50
2011.02.01 07:13:29.008,5.74958,5.75206,1.04,1.50
2011.02.01 07:13:29.565,5.74967,5.75206,1.04,1.50
2011.02.01 07:13:29.685,5.74967,5.75223,1.04,1.30
2011.02.01 07:13:31.353,5.74976,5.75223,2.46,1.30
2011.02.01 07:13:31.793,5.74957,5.75223,1.04,1.30
2011.02.01 07:13:36.802,5.74958,5.75205,1.04,1.50
2011.02.01 07:13:37.283,5.74967,5.75205,1.04,1.50
2011.02.01 07:13:37.399,5.74947,5.75205,1.04,1.50
2011.02.01 07:13:38.493,5.74967,5.75222,1.11,1.50
2011.02.01 07:13:39.019,5.74947,5.75205,1.04,1.50
2011.02.01 07:13:39.805,5.74967,5.75222,1.04,1.50
2011.02.01 07:13:40.161,5.74967,5.75222,1.04,1.50
2011.02.01 07:13:44.587,5.74957,5.75205,1.04,1.50
2011.02.01 07:13:44.708,5.74957,5.75205,1.04,1.50
2011.02.01 07:13:47.233,5.74938,5.75193,1.04,1.50
2011.02.01 07:13:47.673,5.74938,5.75184,1.04,1.50
2011.02.01 07:13:49.535,5.74934,5.75172,2.46,1.30
2011.02.01 07:13:49.765,5.74927,5.75161,1.04,2.25
2011.02.01 07:13:53.850,5.74934,5.75169,2.46,1.50
2011.02.01 07:13:54.078,5.74934,5.75177,2.46,1.50
2011.02.01 07:13:54.304,5.74937,5.752,1.04,1.50
2011.02.01 07:13:59.855,5.74978,5.75201,2.80,1.50
2011.02.01 07:13:59.976,5.74995,5.75218,1.04,1.50
2011.02.01 07:14:00.465,5.74995,5.75218,2.61,1.50
2011.02.01 07:14:00.693,5.74995,5.75218,1.11,1.50
2011.02.01 07:14:01.223,5.74995,5.75218,1.11,1.50
2011.02.01 07:14:03.083,5.74995,5.75218,2.54,1.50
2011.02.01 07:14:03.193,5.74995,5.75218,1.11,1.50
2011.02.01 07:14:03.641,5.74995,5.75218,2.31,1.50
2011.02.01 07:14:04.300,5.74995,5.75218,1.04,1.50
2011.02.01 07:14:04.763,5.74995,5.75218,2.54,1.50
2011.02.01 07:14:05.094,5.74983,5.75201,1.26,1.50
2011.02.01 07:14:05.935,5.74978,5.75201,2.24,1.50
2011.02.01 07:14:13.714,5.74998,5.75223,2.25,1.30
2011.02.01 07:14:14.069,5.74998,5.75219,2.25,1.30
2011.02.01 07:14:14.192,5.7496,5.75183,2.25,1.30
2011.02.01 07:14:14.416,5.74965,5.75193,2.25,1.30
2011.02.01 07:14:14.535,5.74965,5.75248,2.46,1.50
2011.02.01 07:14:14.656,5.74979,5.75248,2.46,1.50
2011.02.01 07:14:34.555,5.74965,5.75228,2.46,1.05
2011.02.01 07:14:35.107,5.74968,5.75242,1.04,1.09
2011.02.01 07:14:35.692,5.74965,5.75228,2.46,1.05
2011.02.01 07:14:35.806,5.74968,5.75237,1.11,1.05
2011.02.01 07:14:37.064,5.74965,5.75225,2.46,1.38
2011.02.01 07:14:37.373,5.74965,5.75208,2.46,1.80
2011.02.01 07:14:42.173,5.74957,5.75221,1.04,1.50
2011.02.01 07:14:54.273,5.74958,5.75204,1.04,1.50
2011.02.01 07:14:57.572,5.74978,5.75204,1.04,1.50
2011.02.01 07:15:12.396,5.74948,5.75204,1.11,1.50
2011.02.01 07:15:19.316,5.74927,5.75182,6.72,1.30
2011.02.01 07:15:24.442,5.74927,5.75182,3.00,2.73
2011.02.01 07:15:24.555,5.74927,5.75182,3.00,2.73
2011.02.01 07:15:24.675,5.74927,5.75157,3.00,1.08
2011.02.01 07:15:25.258,5.74882,5.75132,2.25,1.23
2011.02.01 07:15:33.645,5.74927,5.75145,1.09,1.30
2011.02.01 07:15:33.967,5.74924,5.75176,2.40,1.30
2011.02.01 07:15:36.104,5.74924,5.7516,2.25,1.30
2011.02.01 07:15:37.895,5.74908,5.7516,1.09,1.30
2011.02.01 07:15:39.363,5.74902,5.7516,1.05,1.30
2011.02.01 07:15:39.874,5.74947,5.752,1.09,1.30
2011.02.01 07:15:39.986,5.74947,5.75219,1.09,1.30
2011.02.01 07:15:40.324,5.74973,5.75219,1.05,1.30
2011.02.01 07:15:44.755,5.75008,5.75219,2.40,1.30
2011.02.01 07:15:44.865,5.75008,5.75255,2.40,1.30
2011.02.01 07:15:45.385,5.75063,5.75325,1.05,1.30
2011.02.01 07:15:45.617,5.75072,5.75308,1.05,1.30
2011.02.01 07:15:47.241,5.75052,5.75306,1.05,1.30
2011.02.01 07:15:47.464,5.75043,5.75282,1.05,1.30
2011.02.01 07:15:49.738,5.75038,5.75299,1.09,1.30
2011.02.01 07:15:51.545,5.75053,5.75282,1.05,1.30
2011.02.01 07:15:53.467,5.75068,5.753,1.09,1.30
2011.02.01 07:15:54.501,5.75047,5.75282,1.09,1.30
2011.02.01 07:15:55.107,5.75067,5.75282,1.09,1.30
2011.02.01 07:15:55.876,5.75032,5.75283,1.05,1.30
2011.02.01 07:15:57.351,5.75053,5.75299,1.05,1.30
2011.02.01 07:15:59.766,5.75027,5.75283,1.09,1.30
2011.02.01 07:16:00.585,5.75033,5.75282,1.05,1.30
2011.02.01 07:16:02.837,5.75028,5.75265,1.09,1.30
2011.02.01 07:16:04.239,5.75037,5.75282,1.09,1.30
2011.02.01 07:16:05.757,5.7505,5.75299,2.25,1.30
2011.02.01 07:16:06.098,5.75027,5.75267,1.09,1.30
2011.02.01 07:16:06.475,5.75027,5.75282,1.09,1.30
2011.02.01 07:16:09.045,5.75049,5.75299,2.25,1.30
2011.02.01 07:16:09.893,5.75049,5.75283,4.65,1.30
2011.02.01 07:16:10.716,5.75083,5.75283,1.05,1.30
2011.02.01 07:16:11.218,5.75058,5.75299,1.09,1.30
2011.02.01 07:16:13.759,5.75067,5.75283,1.09,1.30
2011.02.01 07:16:14.759,5.75068,5.75283,1.09,1.30
2011.02.01 07:16:14.878,5.75064,5.75283,2.33,1.30
2011.02.01 07:16:17.140,5.75064,5.7528,1.65,1.50
2011.02.01 07:16:17.257,5.75064,5.75283,2.40,1.30
2011.02.01 07:16:17.496,5.75064,5.75279,1.50,1.50
2011.02.01 07:16:17.819,5.75057,5.75279,1.04,1.50
2011.02.01 07:16:17.939,5.75049,5.75274,2.25,1.30
2011.02.01 07:16:18.165,5.75018,5.7525,1.09,1.30
2011.02.01 07:16:19.736,5.75028,5.75267,1.09,1.30
2011.02.01 07:16:20.413,5.75012,5.7525,1.05,1.30
2011.02.01 07:16:22.198,5.7505,5.75267,2.25,1.30
2011.02.01 07:16:29.055,5.7505,5.75267,1.50,1.30
2011.02.01 07:16:29.503,5.75007,5.75248,1.09,1.30
2011.02.01 07:16:29.873,5.75091,5.75271,1.71,1.50
2011.02.01 07:16:29.989,5.75112,5.75301,1.50,1.50
2011.02.01 07:16:30.105,5.75112,5.75333,2.25,1.30
2011.02.01 07:16:30.223,5.75112,5.75333,2.25,1.30
2011.02.01 07:16:30.802,5.75112,5.75357,2.25,1.30
2011.02.01 07:16:31.145,5.75116,5.75357,2.25,1.30
2011.02.01 07:16:31.703,5.75116,5.7535,2.25,1.30
2011.02.01 07:16:32.294,5.75114,5.75333,2.25,1.30
2011.02.01 07:16:32.416,5.75114,5.75333,2.25,1.30
2011.02.01 07:16:32.535,5.75077,5.75332,1.11,1.30
2011.02.01 07:16:32.655,5.75077,5.75332,1.11,1.30
2011.02.01 07:16:35.274,5.75026,5.75313,2.31,2.80
2011.02.01 07:16:35.382,5.75026,5.75253,2.31,1.50
2011.02.01 07:16:35.715,5.75026,5.75333,2.80,1.30
2011.02.01 07:16:39.950,5.75107,5.75333,1.04,1.30
2011.02.01 07:16:44.087,5.75085,5.75333,2.46,1.30
2011.02.01 07:16:50.388,5.75127,5.75333,1.73,1.30
2011.02.01 07:16:50.499,5.75158,5.75387,1.11,1.50
2011.02.01 07:16:58.055,5.75138,5.75373,1.04,1.30
2011.02.01 07:16:58.496,5.75128,5.7537,1.11,1.50
2011.02.01 07:17:03.044,5.75147,5.75373,1.04,1.30
2011.02.01 07:17:18.001,5.75137,5.75373,1.04,1.30
2011.02.01 07:17:18.113,5.75137,5.75373,1.04,1.30
2011.02.01 07:17:18.444,5.75137,5.7536,1.09,1.30
2011.02.01 07:17:23.350,5.75127,5.7536,1.09,1.30
2011.02.01 07:17:24.840,5.75147,5.75407,1.11,1.50
2011.02.01 07:17:26.215,5.75158,5.75412,1.04,1.30
2011.02.01 07:17:26.331,5.75168,5.75412,1.11,1.30
2011.02.01 07:17:28.878,5.75197,5.75423,1.04,1.50
2011.02.01 07:17:29.268,5.75228,5.75453,1.09,1.30
2011.02.01 07:17:29.395,5.75278,5.75532,1.04,1.30
2011.02.01 07:17:29.506,5.75278,5.75518,1.04,1.50
2011.02.01 07:17:29.887,5.75272,5.75493,1.05,1.30
2011.02.01 07:17:32.258,5.75258,5.75493,1.04,1.30
2011.02.01 07:17:32.813,5.75258,5.75493,1.04,1.30
2011.02.01 07:17:33.225,5.75258,5.75493,1.04,1.30
2011.02.01 07:17:34.553,5.75232,5.75469,1.05,1.30
2011.02.01 07:17:34.976,5.75232,5.75469,1.05,1.30
2011.02.01 07:17:36.753,5.75217,5.75493,1.04,1.50
2011.02.01 07:17:36.973,5.75217,5.75502,1.04,1.30
2011.02.01 07:17:40.782,5.75212,5.75463,2.46,1.09
2011.02.01 07:17:41.010,5.75177,5.75434,3.29,1.30
2011.02.01 07:17:41.520,5.75211,5.75453,2.46,1.30
2011.02.01 07:17:41.745,5.75188,5.75453,1.11,1.45
2011.02.01 07:17:41.863,5.75177,5.75453,3.29,2.46
2011.02.01 07:17:42.670,5.75177,5.75442,3.21,1.09
2011.02.01 07:17:42.998,5.75177,5.75438,3.21,1.17
2011.02.01 07:17:43.175,5.75177,5.75438,3.21,1.05
2011.02.01 07:17:43.629,5.75177,5.75433,3.21,2.33
2011.02.01 07:17:43.855,5.75177,5.75448,3.21,1.17
2011.02.01 07:17:45.476,5.75177,5.75433,3.21,2.33
2011.02.01 07:17:46.456,5.75177,5.75442,3.21,1.09
2011.02.01 07:17:46.918,5.75177,5.75433,3.21,2.33
2011.02.01 07:17:47.033,5.75177,5.75442,3.21,1.09
2011.02.01 07:17:48.258,5.75177,5.75448,3.21,1.17
2011.02.01 07:17:58.784,5.75212,5.75453,2.46,1.30
2011.02.01 07:18:00.359,5.75212,5.75427,2.46,1.17
2011.02.01 07:18:00.725,5.75177,5.75422,3.21,2.48
2011.02.01 07:18:00.847,5.75177,5.75422,3.21,2.48
2011.02.01 07:18:00.964,5.75177,5.75433,3.21,1.09
2011.02.01 07:18:01.074,5.75177,5.75422,3.21,1.05
2011.02.01 07:18:01.977,5.75177,5.75427,3.21,1.05
2011.02.01 07:18:02.533,5.75167,5.75429,1.04,1.50
2011.02.01 07:18:17.605,5.75148,5.75404,1.04,1.50
2011.02.01 07:18:20.374,5.75148,5.75384,1.04,1.50
2011.02.01 07:18:21.227,5.75148,5.754,1.04,1.50
2011.02.01 07:18:21.454,5.75148,5.75383,1.04,1.50
2011.02.01 07:18:22.035,5.75148,5.75401,1.04,1.50
2011.02.01 07:18:25.841,5.75157,5.75384,1.11,1.50
2011.02.01 07:18:33.831,5.75178,5.75413,1.04,1.30
2011.02.01 07:18:40.065,5.75137,5.75401,1.04,1.50
2011.02.01 07:18:40.449,5.75158,5.75413,1.04,1.30
2011.02.01 07:18:44.062,5.75197,5.75453,1.11,1.30
2011.02.01 07:18:44.980,5.75197,5.75443,1.04,1.50
2011.02.01 07:18:49.644,5.75187,5.75428,1.04,1.50
2011.02.01 07:18:50.440,5.75207,5.75445,1.11,1.50
2011.02.01 07:19:02.778,5.75158,5.75423,1.04,1.38
2011.02.01 07:19:02.897,5.75178,5.75433,1.04,1.30
2011.02.01 07:19:03.123,5.75197,5.75445,1.11,1.50
2011.02.01 07:19:13.333,5.75157,5.75429,1.04,2.78
2011.02.01 07:19:14.365,5.75167,5.75412,1.11,1.30
2011.02.01 07:19:14.584,5.75157,5.75403,1.04,1.50
2011.02.01 07:19:15.851,5.75192,5.75403,1.26,1.50
2011.02.01 07:19:15.967,5.75182,5.75403,2.50,1.50
2011.02.01 07:19:16.085,5.75198,5.75412,1.04,1.30
2011.02.01 07:19:16.206,5.75198,5.75421,1.04,1.50
2011.02.01 07:19:16.325,5.75207,5.75446,1.04,1.50
2011.02.01 07:19:18.167,5.75238,5.75452,1.04,1.30
2011.02.01 07:19:18.290,5.75223,5.75446,1.11,1.50
2011.02.01 07:19:18.408,5.75223,5.75446,1.11,1.50
2011.02.01 07:19:18.858,5.75208,5.75446,1.04,1.50
2011.02.01 07:19:19.784,5.75208,5.75446,1.04,1.50
2011.02.01 07:19:21.418,5.75198,5.75426,1.04,1.50
2011.02.01 07:19:24.437,5.75178,5.75412,1.04,1.30
2011.02.01 07:19:24.666,5.75147,5.75401,1.11,1.50
2011.02.01 07:19:25.087,5.75147,5.75384,1.11,1.50
2011.02.01 07:19:26.120,5.75087,5.75344,1.11,1.50
2011.02.01 07:19:26.749,5.75047,5.75316,1.04,1.58
2011.02.01 07:19:27.352,5.75077,5.75316,1.04,1.50
2011.02.01 07:19:29.994,5.75088,5.75316,1.04,1.50
2011.02.01 07:19:30.104,5.75088,5.75332,1.04,1.30
2011.02.01 07:19:30.528,5.75108,5.75332,1.60,1.30
2011.02.01 07:19:30.650,5.75114,5.75337,2.33,1.30
2011.02.01 07:19:30.767,5.75107,5.75361,1.04,1.50
2011.02.01 07:19:35.196,5.75108,5.75361,1.04,1.50
2011.02.01 07:19:45.729,5.75057,5.75301,1.04,1.50
2011.02.01 07:19:46.882,5.75027,5.75275,1.04,1.50
2011.02.01 07:19:47.107,5.75018,5.75291,1.04,1.50
2011.02.01 07:19:49.439,5.75008,5.75261,1.04,1.50
2011.02.01 07:19:49.567,5.74988,5.75243,1.04,1.30
2011.02.01 07:19:50.491,5.74967,5.75231,1.11,1.50
2011.02.01 07:19:52.083,5.74919,5.75197,2.46,1.17
2011.02.01 07:19:52.200,5.74919,5.75187,2.46,1.65
2011.02.01 07:19:55.283,5.74938,5.75187,1.04,1.50
2011.02.01 07:19:57.642,5.74957,5.75185,1.11,1.50
2011.02.01 07:19:57.755,5.74986,5.75202,1.04,1.30
2011.02.01 07:19:59.901,5.74998,5.75202,1.20,1.30
2011.02.01 07:20:00.136,5.75077,5.75291,1.20,1.50
2011.02.01 07:20:00.580,5.75094,5.75315,2.31,1.50
2011.02.01 07:20:01.545,5.75038,5.75298,1.04,1.50
2011.02.01 07:20:01.658,5.75038,5.75276,1.04,1.30
2011.02.01 07:20:01.780,5.75028,5.75259,1.11,1.50
2011.02.01 07:20:05.145,5.75038,5.75259,2.99,1.50
2011.02.01 07:20:05.475,5.75067,5.75288,1.04,1.50
2011.02.01 07:20:06.364,5.75067,5.75288,2.31,1.50
2011.02.01 07:20:06.475,5.75047,5.75288,1.11,1.50
2011.02.01 07:20:06.889,5.75037,5.75274,1.04,1.50
2011.02.01 07:20:08.420,5.75018,5.75256,1.11,1.50
2011.02.01 07:20:10.777,5.74968,5.75233,1.04,1.38
2011.02.01 07:20:11.172,5.74968,5.75222,1.04,1.30
2011.02.01 07:20:11.288,5.74968,5.75218,1.04,1.50
2011.02.01 07:20:16.875,5.74977,5.75231,1.04,1.50
2011.02.01 07:20:17.209,5.74988,5.75231,1.04,1.50
2011.02.01 07:20:17.330,5.74977,5.75242,1.04,1.30
2011.02.01 07:20:25.663,5.74977,5.75248,1.04,1.65
2011.02.01 07:20:25.888,5.75027,5.75276,1.11,1.50
2011.02.01 07:20:26.280,5.75027,5.75293,1.04,1.30
2011.02.01 07:20:26.397,5.75037,5.75293,1.11,1.30
2011.02.01 07:20:31.380,5.74988,5.7526,1.04,2.78
2011.02.01 07:20:31.784,5.74968,5.75237,1.11,1.05
2011.02.01 07:20:32.086,5.74967,5.75253,1.04,1.09
2011.02.01 07:20:32.209,5.74967,5.75243,1.04,1.09
2011.02.01 07:20:32.324,5.74977,5.75248,1.11,1.05
2011.02.01 07:20:32.765,5.74977,5.75241,1.04,2.25
2011.02.01 07:20:36.549,5.74966,5.75232,2.46,1.09
2011.02.01 07:20:37.064,5.74966,5.75224,2.46,2.48
2011.02.01 07:20:37.982,5.74966,5.75224,2.46,2.10
2011.02.01 07:20:43.374,5.74966,5.75224,2.46,2.48
2011.02.01 07:20:43.705,5.74965,5.75206,2.46,2.48
2011.02.01 07:20:44.024,5.74965,5.75206,2.46,2.10
2011.02.01 07:20:44.559,5.74965,5.75207,2.46,1.05
2011.02.01 07:20:45.004,5.74965,5.75217,2.46,1.05
2011.02.01 07:20:46.039,5.74965,5.75208,2.46,1.05
2011.02.01 07:20:46.153,5.74965,5.75222,2.46,1.09
2011.02.01 07:20:48.357,5.74965,5.75213,2.46,1.38
2011.02.01 07:20:48.805,5.74978,5.75206,2.46,2.10
2011.02.01 07:20:49.254,5.74996,5.75206,2.46,2.10
2011.02.01 07:20:49.366,5.74996,5.7523,2.46,1.50
2011.02.01 07:20:50.857,5.74967,5.7523,2.61,1.50
2011.02.01 07:20:51.087,5.74967,5.7521,2.46,1.50
2011.02.01 07:21:09.093,5.74968,5.75225,1.04,1.50
2011.02.01 07:21:09.595,5.74967,5.75207,2.46,1.50
2011.02.01 07:21:11.854,5.75,5.75224,2.46,1.50
2011.02.01 07:21:12.075,5.74968,5.75208,2.46,1.50
2011.02.01 07:21:15.981,5.74987,5.75224,1.11,1.50
2011.02.01 07:21:19.088,5.75042,5.75267,2.46,1.50
2011.02.01 07:21:21.250,5.75041,5.75266,2.46,1.50
2011.02.01 07:21:21.563,5.75041,5.75292,2.46,1.50
2011.02.01 07:21:21.674,5.75051,5.75292,2.46,1.65
2011.02.01 07:21:21.785,5.75051,5.75274,2.46,1.50
2011.02.01 07:21:22.068,5.75041,5.75274,2.46,1.50
2011.02.01 07:21:25.905,5.7501,5.75257,2.46,1.05
2011.02.01 07:21:40.068,5.75082,5.75291,1.71,1.50
2011.02.01 07:21:40.433,5.7505,5.75291,2.46,1.50
2011.02.01 07:21:41.544,5.75017,5.75283,1.11,2.25
2011.02.01 07:21:41.662,5.75018,5.7525,1.04,1.50
2011.02.01 07:21:46.525,5.75041,5.75266,2.46,1.50
2011.02.01 07:21:47.520,5.75045,5.75268,1.11,1.50
2011.02.01 07:21:49.392,5.75018,5.75252,1.11,1.50
2011.02.01 07:21:49.508,5.75009,5.75228,2.25,1.30
2011.02.01 07:21:49.738,5.74983,5.75235,2.46,2.25
2011.02.01 07:21:50.315,5.74907,5.75243,1.11,3.00
2011.02.01 07:21:50.427,5.74879,5.75212,1.15,1.50
2011.02.01 07:21:52.245,5.7495,5.75219,2.46,1.50
2011.02.01 07:21:55.443,5.74949,5.75196,4.65,1.30
2011.02.01 07:21:55.555,5.74949,5.75172,4.65,1.30
2011.02.01 07:21:56.245,5.74967,5.75191,1.04,1.50
2011.02.01 07:21:56.355,5.74979,5.75214,2.46,1.50
2011.02.01 07:21:56.466,5.74979,5.75232,2.46,1.50
2011.02.01 07:21:56.694,5.75021,5.75249,2.46,1.50
2011.02.01 07:21:57.025,5.75022,5.75253,2.46,1.30
2011.02.01 07:21:57.934,5.75022,5.75256,2.46,1.50
2011.02.01 07:21:58.265,5.75021,5.75282,2.46,2.78
2011.02.01 07:21:59.964,5.75022,5.75258,2.46,1.05
2011.02.01 07:22:04.880,5.75022,5.75248,2.46,1.05
2011.02.01 07:22:05.365,5.74979,5.75241,2.46,1.50
2011.02.01 07:22:14.214,5.75021,5.75241,1.71,1.50
2011.02.01 07:22:14.323,5.75021,5.75252,2.46,1.45
2011.02.01 07:22:15.345,5.75021,5.75241,1.71,1.50
2011.02.01 07:22:15.575,5.74988,5.75241,1.11,1.50
2011.02.01 07:22:18.414,5.75002,5.7525,2.46,2.78
2011.02.01 07:22:22.416,5.75002,5.75226,2.25,1.30
2011.02.01 07:22:22.539,5.7498,5.75203,2.25,1.30
2011.02.01 07:22:22.658,5.74907,5.75182,2.46,1.30
2011.02.01 07:22:22.776,5.74907,5.75182,2.46,1.38
2011.02.01 07:22:22.898,5.74888,5.75167,3.21,1.17
2011.02.01 07:22:23.255,5.74866,5.75122,2.46,1.30
2011.02.01 07:22:23.381,5.74866,5.75122,2.46,1.30
2011.02.01 07:22:24.268,5.74866,5.75113,2.46,1.23
2011.02.01 07:22:24.498,5.74866,5.75108,2.46,2.73
2011.02.01 07:22:24.967,5.74838,5.75107,3.21,1.38
2011.02.01 07:22:25.524,5.74838,5.75096,3.21,2.88
2011.02.01 07:22:25.745,5.74838,5.75087,3.21,1.05
2011.02.01 07:22:26.030,5.74838,5.75088,3.21,1.17
2011.02.01 07:22:26.519,5.74838,5.75078,3.21,2.29
2011.02.01 07:22:27.289,5.74838,5.75078,3.21,1.05
2011.02.01 07:22:27.405,5.74838,5.75078,3.21,2.29
2011.02.01 07:22:27.746,5.74824,5.75039,2.25,1.45
2011.02.01 07:22:28.470,5.74782,5.75039,2.46,1.45
2011.02.01 07:22:29.216,5.74787,5.75053,1.11,1.45
2011.02.01 07:22:29.704,5.74824,5.75071,2.46,1.30
2011.02.01 07:22:30.691,5.74824,5.75071,2.46,2.58
2011.02.01 07:22:31.626,5.74788,5.75052,1.11,1.45
2011.02.01 07:22:31.746,5.74788,5.75053,1.11,1.45
2011.02.01 07:22:33.746,5.74824,5.75065,2.46,2.88
2011.02.01 07:22:34.221,5.74824,5.75053,2.46,1.23
2011.02.01 07:22:34.336,5.74824,5.75065,2.46,1.45
2011.02.01 07:22:34.567,5.74823,5.75063,2.46,1.09
2011.02.01 07:22:34.686,5.74817,5.7508,1.04,1.50
2011.02.01 07:22:35.067,5.74808,5.7507,1.04,1.50
2011.02.01 07:22:40.560,5.74787,5.75052,1.04,1.50
2011.02.01 07:22:41.457,5.74781,5.75017,2.46,1.05
2011.02.01 07:22:41.722,5.74782,5.75017,2.46,1.05
2011.02.01 07:22:42.677,5.74728,5.74965,3.21,2.10
2011.02.01 07:22:43.260,5.74697,5.74963,2.46,1.09
2011.02.01 07:22:44.286,5.74698,5.74945,2.25,1.30
2011.02.01 07:22:44.643,5.74688,5.7494,1.11,1.30
2011.02.01 07:22:44.761,5.74657,5.74932,2.46,1.09
2011.02.01 07:22:44.879,5.74667,5.74921,1.11,1.50
2011.02.01 07:22:45.068,5.74667,5.74921,1.11,1.50
2011.02.01 07:22:45.189,5.74657,5.74933,2.54,1.30
2011.02.01 07:22:45.552,5.74668,5.74933,1.04,1.38
2011.02.01 07:22:45.672,5.74678,5.74933,1.11,1.30
2011.02.01 07:22:46.008,5.74697,5.74933,2.46,1.30
2011.02.01 07:22:46.124,5.74697,5.74933,2.46,1.30
2011.02.01 07:22:46.610,5.74657,5.74922,1.11,1.50
2011.02.01 07:22:46.841,5.74667,5.74922,1.11,1.50
2011.02.01 07:22:47.312,5.74698,5.74933,2.46,1.30
2011.02.01 07:22:48.165,5.74668,5.74933,1.04,1.38
2011.02.01 07:22:48.499,5.74697,5.74933,2.46,1.30
2011.02.01 07:22:49.611,5.74697,5.74933,2.46,1.45
2011.02.01 07:22:49.732,5.74668,5.74933,1.11,1.45
2011.02.01 07:22:50.069,5.74698,5.74922,2.46,1.50
2011.02.01 07:22:50.479,5.74657,5.74902,2.46,1.09
2011.02.01 07:22:50.731,5.74657,5.74908,2.46,1.05
2011.02.01 07:22:52.529,5.74698,5.74918,2.46,1.05
2011.02.01 07:22:52.649,5.74656,5.74918,2.46,1.05
2011.02.01 07:22:52.765,5.74657,5.74918,2.46,1.05
2011.02.01 07:22:53.599,5.74657,5.74933,1.04,2.46
2011.02.01 07:22:53.827,5.74657,5.74917,2.46,1.05
2011.02.01 07:22:54.317,5.74657,5.74898,2.46,2.48
2011.02.01 07:22:54.439,5.74657,5.7492,2.54,1.50
2011.02.01 07:22:54.667,5.74667,5.74933,1.04,1.38
2011.02.01 07:22:55.249,5.74658,5.7492,1.04,1.50
2011.02.01 07:22:55.475,5.74658,5.7492,1.04,1.50
2011.02.01 07:22:55.694,5.74658,5.74932,1.04,1.09
2011.02.01 07:22:56.080,5.74656,5.74873,2.25,1.30
2011.02.01 07:22:56.865,5.74576,5.74832,2.46,1.30
2011.02.01 07:22:57.306,5.74576,5.74831,2.25,1.30
2011.02.01 07:22:57.654,5.74547,5.74809,3.21,1.30
2011.02.01 07:22:58.325,5.74547,5.74792,3.21,1.30
2011.02.01 07:22:58.437,5.74547,5.74772,3.00,1.23
2011.02.01 07:22:58.668,5.74492,5.74753,2.46,2.46
2011.02.01 07:22:59.072,5.74457,5.74751,3.21,1.30
2011.02.01 07:22:59.187,5.74457,5.74732,3.21,1.30
2011.02.01 07:22:59.305,5.74457,5.74732,3.21,1.30
2011.02.01 07:22:59.428,5.74468,5.74749,1.04,1.50
2011.02.01 07:22:59.728,5.74527,5.74777,3.21,1.05
2011.02.01 07:22:59.853,5.74605,5.74802,1.50,1.65
2011.02.01 07:23:00.650,5.74607,5.74819,1.50,1.30
2011.02.01 07:23:00.986,5.74608,5.74833,2.25,1.23
2011.02.01 07:23:01.680,5.74608,5.74815,2.25,1.45
2011.02.01 07:23:02.915,5.74608,5.74827,2.25,1.08
2011.02.01 07:23:04.656,5.74608,5.7483,2.25,1.30
2011.02.01 07:23:05.027,5.74608,5.7484,2.25,2.58
2011.02.01 07:23:05.367,5.74607,5.74847,2.25,1.08
2011.02.01 07:23:06.998,5.74608,5.74842,2.25,1.23
2011.02.01 07:23:07.536,5.74608,5.74855,2.25,2.76
2011.02.01 07:23:10.544,5.74607,5.74832,2.25,1.23
2011.02.01 07:23:11.075,5.74607,5.74848,2.25,1.08
2011.02.01 07:23:11.186,5.74607,5.74823,2.25,1.60
2011.02.01 07:23:11.568,5.74607,5.74836,2.25,2.76
2011.02.01 07:23:12.017,5.74527,5.7482,3.21,1.50
2011.02.01 07:23:12.916,5.74527,5.74797,3.21,1.05
2011.02.01 07:23:13.368,5.74498,5.74802,2.46,1.09
2011.02.01 07:23:13.940,5.74507,5.74823,1.11,1.30
2011.02.01 07:23:14.059,5.74508,5.74823,1.04,1.30
2011.02.01 07:23:14.287,5.74508,5.74823,1.04,1.30
2011.02.01 07:23:14.753,5.74507,5.74823,1.11,1.45
2011.02.01 07:23:15.345,5.74532,5.74823,2.46,1.38
2011.02.01 07:23:15.454,5.74532,5.74823,2.46,1.38
2011.02.01 07:23:15.862,5.74532,5.74823,2.46,1.38
2011.02.01 07:23:16.210,5.74469,5.74777,2.25,1.08
2011.02.01 07:23:16.720,5.74469,5.74788,2.25,1.08
2011.02.01 07:23:17.068,5.74467,5.74702,3.00,1.23
2011.02.01 07:23:17.522,5.74388,5.74693,3.00,1.23
2011.02.01 07:23:17.637,5.74388,5.74697,3.00,1.08
2011.02.01 07:23:18.216,5.74385,5.74652,2.25,2.80
2011.02.01 07:23:18.975,5.74385,5.74652,2.25,2.80
2011.02.01 07:23:19.094,5.74387,5.74645,3.00,1.30
2011.02.01 07:23:19.807,5.74387,5.74633,3.19,1.30
2011.02.01 07:23:20.515,5.74386,5.74656,2.46,1.50
2011.02.01 07:23:20.633,5.74448,5.74695,2.46,1.50
2011.02.01 07:23:20.746,5.74448,5.74695,2.46,1.50
2011.02.01 07:23:20.990,5.74448,5.74728,2.46,1.50
2011.02.01 07:23:21.374,5.74448,5.74737,2.46,1.58
2011.02.01 07:23:22.017,5.74449,5.74718,2.46,1.05
2011.02.01 07:23:22.527,5.74437,5.74708,3.21,1.05
2011.02.01 07:23:23.015,5.74437,5.74732,3.21,1.30
2011.02.01 07:23:23.386,5.74448,5.74747,2.46,1.80
2011.02.01 07:23:23.511,5.74448,5.74737,2.46,1.05
2011.02.01 07:23:23.628,5.74448,5.74737,2.46,1.05
2011.02.01 07:23:23.748,5.74433,5.74701,1.15,1.05
2011.02.01 07:23:23.868,5.74413,5.74701,1.15,2.78
2011.02.01 07:23:24.279,5.74449,5.74705,2.25,1.45
2011.02.01 07:23:24.557,5.74448,5.74705,2.25,1.30
2011.02.01 07:23:24.678,5.74449,5.74688,2.25,1.30
2011.02.01 07:23:26.829,5.74485,5.74674,2.25,1.30
2011.02.01 07:23:27.057,5.74443,5.74671,2.25,1.30
2011.02.01 07:23:27.444,5.74442,5.74671,2.25,1.30
2011.02.01 07:23:28.108,5.74442,5.74671,2.25,1.30
2011.02.01 07:23:28.235,5.74442,5.74661,2.25,1.30
2011.02.01 07:23:28.787,5.74442,5.74662,2.25,1.30
2011.02.01 07:23:29.112,5.74407,5.74645,2.33,1.30
2011.02.01 07:23:30.155,5.74442,5.74661,2.25,1.30
2011.02.01 07:23:30.549,5.74443,5.74669,2.25,1.30
2011.02.01 07:23:31.671,5.74443,5.74687,2.25,1.30
2011.02.01 07:23:31.899,5.74426,5.74676,2.46,1.30
2011.02.01 07:23:32.126,5.74424,5.74662,2.46,1.30
2011.02.01 07:23:32.478,5.74426,5.74662,2.46,1.30
2011.02.01 07:23:32.601,5.74426,5.74662,2.46,1.30
2011.02.01 07:23:32.715,5.74426,5.74662,2.46,1.30
2011.02.01 07:23:32.934,5.74425,5.74662,2.46,1.30
2011.02.01 07:23:34.744,5.74414,5.74661,2.46,1.50
2011.02.01 07:23:36.609,5.74414,5.74638,2.46,2.29
2011.02.01 07:23:38.574,5.74372,5.74598,2.46,1.05
2011.02.01 07:23:38.908,5.74372,5.74603,2.46,1.30
2011.02.01 07:23:42.154,5.74291,5.74596,2.46,1.30
2011.02.01 07:23:42.264,5.74291,5.74553,2.46,1.30
2011.02.01 07:23:42.921,5.74291,5.74577,2.46,1.50
2011.02.01 07:23:43.044,5.74291,5.74587,2.46,2.29
2011.02.01 07:23:43.158,5.74291,5.74583,2.46,1.23
2011.02.01 07:23:43.276,5.74291,5.74563,2.46,1.45
2011.02.01 07:23:44.038,5.74291,5.74554,2.46,2.48
2011.02.01 07:23:44.856,5.74291,5.74554,2.46,2.48
2011.02.01 07:23:45.283,5.74291,5.74512,2.46,1.20
2011.02.01 07:23:45.615,5.74291,5.74502,2.46,1.20
2011.02.01 07:23:45.995,5.74291,5.74554,2.46,2.48
2011.02.01 07:23:46.225,5.74249,5.7451,2.46,2.48
2011.02.01 07:23:46.446,5.74249,5.7451,2.46,2.48
2011.02.01 07:23:46.829,5.74249,5.7451,2.46,2.48
2011.02.01 07:23:46.953,5.74249,5.7451,2.46,2.48
2011.02.01 07:23:47.068,5.74249,5.74453,2.46,1.20
2011.02.01 07:23:47.188,5.74249,5.74463,2.46,1.20
2011.02.01 07:23:47.672,5.74249,5.7451,2.46,2.48
2011.02.01 07:23:47.788,5.7421,5.74512,1.15,1.09
2011.02.01 07:23:48.019,5.74187,5.74533,1.04,2.97
2011.02.01 07:23:48.137,5.74226,5.74533,2.46,2.97
2011.02.01 07:23:48.478,5.74226,5.74543,2.46,2.46
2011.02.01 07:23:48.937,5.74184,5.74502,2.46,2.29
2011.02.01 07:23:49.305,5.74293,5.74543,2.46,1.38
2011.02.01 07:23:49.418,5.74341,5.74552,2.46,1.09
2011.02.01 07:23:49.903,5.74341,5.74544,2.46,2.10
2011.02.01 07:23:50.357,5.74341,5.74543,2.46,1.20
2011.02.01 07:23:50.935,5.74327,5.74543,1.15,1.20
2011.02.01 07:23:51.162,5.7432,5.74543,2.46,1.58
2011.02.01 07:23:51.388,5.7432,5.74553,2.46,1.09
2011.02.01 07:23:51.853,5.74341,5.74543,1.50,1.09
2011.02.01 07:23:51.967,5.74341,5.74548,1.50,1.05
2011.02.01 07:23:53.776,5.74383,5.74559,1.71,1.50
2011.02.01 07:23:53.895,5.74383,5.74575,1.71,1.50
2011.02.01 07:23:54.003,5.74383,5.74592,1.71,1.09
2011.02.01 07:23:54.452,5.74382,5.74592,1.50,1.09
2011.02.01 07:23:54.573,5.74382,5.74584,1.50,1.58
2011.02.01 07:23:55.261,5.74365,5.74607,2.46,1.30
2011.02.01 07:23:57.376,5.74365,5.74603,2.46,1.60
2011.02.01 07:23:57.494,5.74365,5.74607,2.46,1.45
2011.02.01 07:23:58.095,5.74365,5.74607,2.46,1.30
2011.02.01 07:23:58.429,5.74406,5.74624,2.25,1.38
2011.02.01 07:23:58.881,5.74406,5.74608,2.25,1.30
2011.02.01 07:23:59.119,5.74406,5.74625,2.25,1.30
2011.02.01 07:24:01.918,5.74407,5.74648,2.46,2.58
2011.02.01 07:24:02.582,5.74407,5.74648,2.46,1.30
2011.02.01 07:24:02.990,5.74407,5.74648,2.46,3.25
2011.02.01 07:24:03.335,5.74407,5.74643,2.46,1.98
2011.02.01 07:24:03.680,5.74407,5.74602,2.46,1.20
2011.02.01 07:24:03.988,5.74365,5.74602,2.46,1.20
2011.02.01 07:24:04.113,5.74365,5.7459,2.25,2.73
2011.02.01 07:24:04.645,5.74365,5.7459,2.44,1.30
2011.02.01 07:24:04.999,5.74406,5.74622,2.25,1.30
2011.02.01 07:24:05.228,5.74438,5.74622,1.50,1.30
2011.02.01 07:24:05.347,5.74438,5.74652,2.46,1.09
2011.02.01 07:24:05.580,5.74443,5.74673,2.46,1.38
2011.02.01 07:24:05.696,5.74444,5.74683,2.46,2.76
2011.02.01 07:24:06.031,5.74444,5.74692,2.46,1.09
2011.02.01 07:24:06.553,5.74443,5.74688,2.46,1.05
2011.02.01 07:24:07.227,5.74486,5.74702,2.25,1.45
2011.02.01 07:24:07.758,5.74486,5.74702,2.25,2.76
2011.02.01 07:24:10.134,5.74486,5.74702,2.25,2.76
2011.02.01 07:24:10.582,5.74486,5.74702,2.25,2.84
2011.02.01 07:24:10.953,5.74486,5.74702,2.25,2.76
2011.02.01 07:24:11.205,5.74486,5.74702,2.25,2.76
2011.02.01 07:24:11.324,5.74458,5.74687,1.15,2.29
2011.02.01 07:24:11.765,5.74458,5.74693,1.15,2.35
2011.02.01 07:24:13.217,5.74458,5.74687,1.15,2.70
2011.02.01 07:24:14.148,5.7448,5.747,2.25,1.30
2011.02.01 07:24:14.485,5.7448,5.74724,2.25,1.38
2011.02.01 07:24:17.796,5.74522,5.74724,2.25,1.30
2011.02.01 07:24:19.757,5.74538,5.74766,1.02,1.30
2011.02.01 07:24:19.884,5.74563,5.74766,2.25,1.30
2011.02.01 07:24:20.433,5.74564,5.74765,2.25,1.30
2011.02.01 07:24:20.670,5.74563,5.74766,2.25,1.30
2011.02.01 07:24:21.018,5.74563,5.74766,2.25,1.30
2011.02.01 07:24:23.598,5.74527,5.74765,1.02,1.30
2011.02.01 07:24:24.576,5.74522,5.74765,2.25,1.30
2011.02.01 07:24:25.146,5.74548,5.74772,2.46,1.50
2011.02.01 07:24:25.266,5.74558,5.74788,2.46,1.50
2011.02.01 07:24:25.494,5.74557,5.74802,2.46,1.09
2011.02.01 07:24:28.240,5.74558,5.74807,2.46,1.05
2011.02.01 07:24:28.362,5.74558,5.74813,2.61,1.30
2011.02.01 07:24:29.258,5.746,5.74819,2.25,1.30
2011.02.01 07:24:29.381,5.746,5.74819,2.25,1.30
2011.02.01 07:24:30.976,5.74642,5.74842,1.50,1.30
2011.02.01 07:24:31.096,5.74642,5.74872,2.46,1.30
2011.02.01 07:24:31.544,5.74527,5.74775,1.04,1.50
2011.02.01 07:24:31.780,5.74538,5.74775,1.04,2.05
2011.02.01 07:24:32.242,5.74523,5.74767,2.46,1.30
2011.02.01 07:24:32.365,5.74527,5.74775,1.04,2.05
2011.02.01 07:24:34.550,5.74549,5.74775,1.15,2.25
2011.02.01 07:24:34.901,5.74563,5.74791,2.25,1.30
2011.02.01 07:24:35.019,5.74563,5.74798,2.25,1.30
2011.02.01 07:24:35.354,5.74563,5.74798,2.25,1.30
2011.02.01 07:24:36.539,5.74458,5.74803,3.21,1.23
2011.02.01 07:24:36.767,5.74458,5.74791,3.21,1.30
2011.02.01 07:24:36.996,5.74458,5.74798,3.21,1.08
2011.02.01 07:24:40.717,5.74503,5.74789,1.15,2.73
2011.02.01 07:24:42.044,5.74526,5.74757,2.25,1.08
2011.02.01 07:24:42.648,5.74526,5.74787,2.25,1.08
2011.02.01 07:24:43.666,5.74517,5.74763,1.15,1.15
2011.02.01 07:24:43.788,5.74514,5.74758,1.69,1.08
2011.02.01 07:24:44.258,5.74486,5.74724,2.25,1.45
2011.02.01 07:24:44.595,5.74486,5.74738,2.25,1.60
2011.02.01 07:24:45.275,5.74486,5.74728,2.25,1.08
2011.02.01 07:24:47.135,5.74485,5.74757,2.25,1.08
2011.02.01 07:24:47.253,5.74507,5.74763,1.02,1.30
2011.02.01 07:24:47.586,5.74527,5.7478,2.25,2.58
2011.02.01 07:24:49.658,5.74507,5.74748,3.19,1.45
2011.02.01 07:24:54.539,5.74507,5.74764,3.08,1.30
2011.02.01 07:24:56.287,5.74507,5.74737,3.00,1.08
2011.02.01 07:24:56.405,5.74507,5.74728,3.00,1.08
2011.02.01 07:24:56.761,5.74456,5.74745,2.46,2.33
2011.02.01 07:24:56.880,5.74457,5.74758,2.46,1.05
2011.02.01 07:24:57.214,5.74449,5.74752,2.25,1.23
2011.02.01 07:24:59.206,5.74448,5.74753,3.00,1.23
2011.02.01 07:24:59.657,5.74448,5.74737,3.00,1.30
2011.02.01 07:25:05.151,5.74448,5.74708,3.00,1.08
2011.02.01 07:25:05.727,5.74448,5.74688,3.00,1.08
2011.02.01 07:25:07.215,5.74377,5.74663,3.19,1.23
2011.02.01 07:25:07.647,5.74377,5.74653,3.19,1.23
2011.02.01 07:25:07.989,5.74377,5.74648,3.19,1.08
2011.02.01 07:25:13.838,5.74297,5.74638,3.21,2.05
2011.02.01 07:25:14.068,5.74297,5.74638,3.21,2.05
2011.02.01 07:25:16.863,5.74334,5.74597,2.46,1.08
2011.02.01 07:25:24.106,5.74269,5.74612,1.15,6.33
2011.02.01 07:25:24.227,5.74288,5.74597,1.11,1.38
2011.02.01 07:25:24.656,5.7434,5.74595,2.46,1.38
2011.02.01 07:25:24.997,5.7434,5.74582,2.46,2.58
2011.02.01 07:25:25.419,5.743,5.74573,1.15,1.09
2011.02.01 07:25:25.868,5.74298,5.74562,2.46,1.50
2011.02.01 07:25:25.986,5.74339,5.74577,1.15,2.25
2011.02.01 07:25:26.384,5.74362,5.74621,2.46,1.50
2011.02.01 07:25:26.499,5.74362,5.74621,2.46,1.50
2011.02.01 07:25:26.948,5.74398,5.74621,3.94,1.50
2011.02.01 07:25:27.285,5.74398,5.74609,3.19,1.50
2011.02.01 07:25:27.636,5.74398,5.74609,2.25,1.50
2011.02.01 07:25:29.485,5.74398,5.74593,2.25,1.50
2011.02.01 07:25:29.713,5.74278,5.74523,2.46,1.30
2011.02.01 07:25:29.826,5.74278,5.74514,2.46,1.50
2011.02.01 07:25:30.181,5.74267,5.74514,1.04,1.50
2011.02.01 07:25:30.539,5.74308,5.74555,1.15,1.50
2011.02.01 07:25:30.658,5.74308,5.7454,1.15,1.50
2011.02.01 07:25:30.777,5.74297,5.74517,1.30,1.50
2011.02.01 07:25:31.145,5.74277,5.74517,2.46,1.50
2011.02.01 07:25:31.369,5.74276,5.74499,1.11,1.50
2011.02.01 07:25:31.833,5.74293,5.74514,2.43,1.50
2011.02.01 07:25:32.719,5.74308,5.74531,2.24,1.50
2011.02.01 07:25:32.869,5.74313,5.74531,1.04,1.50
2011.02.01 07:25:32.985,5.74308,5.74531,2.24,1.50
2011.02.01 07:25:33.378,5.74318,5.74531,1.71,1.50
2011.02.01 07:25:33.500,5.74308,5.74531,2.61,1.50
2011.02.01 07:25:33.619,5.74308,5.74531,2.43,1.50
2011.02.01 07:25:33.736,5.74312,5.74532,1.40,1.50
2011.02.01 07:25:34.317,5.74334,5.74555,2.76,1.50
2011.02.01 07:25:36.480,5.74337,5.74576,1.04,1.50
2011.02.01 07:25:40.078,5.7438,5.74601,2.61,1.50
2011.02.01 07:25:40.198,5.74382,5.74601,1.26,1.50
2011.02.01 07:25:40.319,5.74397,5.74618,1.11,1.50
2011.02.01 07:25:42.918,5.74378,5.74601,1.04,1.50
2011.02.01 07:25:47.331,5.74396,5.74619,2.76,1.50
2011.02.01 07:25:47.887,5.74396,5.74619,1.11,1.50
2011.02.01 07:25:48.443,5.74396,5.74619,2.76,1.50
2011.02.01 07:25:48.666,5.74404,5.74627,1.11,1.50
2011.02.01 07:25:49.884,5.74398,5.74637,1.11,1.50
2011.02.01 07:25:49.996,5.74398,5.74628,1.11,1.50
2011.02.01 07:25:50.474,5.74397,5.74643,1.11,1.50
2011.02.01 07:25:50.591,5.74404,5.74627,2.43,1.50
2011.02.01 07:25:50.815,5.74417,5.74644,1.04,1.50
2011.02.01 07:25:51.788,5.74414,5.74626,4.30,1.50
2011.02.01 07:25:52.374,5.74381,5.74604,2.61,1.50
2011.02.01 07:25:58.981,5.74363,5.74586,1.11,1.50
2011.02.01 07:26:00.532,5.74408,5.74617,1.34,1.50
2011.02.01 07:26:00.645,5.74394,5.74617,2.69,1.50
2011.02.01 07:26:01.167,5.74407,5.74617,1.11,1.50
2011.02.01 07:26:01.842,5.74408,5.74617,1.11,1.50
2011.02.01 07:26:02.279,5.74408,5.74617,1.34,1.50
2011.02.01 07:26:02.593,5.74408,5.74617,1.11,1.50
2011.02.01 07:26:03.797,5.74408,5.74617,1.11,1.50
2011.02.01 07:26:04.634,5.74394,5.74617,2.80,1.50
2011.02.01 07:26:04.748,5.74408,5.74617,1.11,1.50
2011.02.01 07:26:04.868,5.74394,5.74617,2.69,1.50
2011.02.01 07:26:04.989,5.74394,5.74617,1.04,1.50
2011.02.01 07:26:10.196,5.74358,5.74592,1.04,1.50
2011.02.01 07:26:11.243,5.74318,5.74563,1.04,1.50
2011.02.01 07:26:14.858,5.74314,5.7454,1.11,1.50
2011.02.01 07:26:14.980,5.74308,5.74535,1.04,1.50
2011.02.01 07:26:15.205,5.74287,5.74518,1.11,1.50
2011.02.01 07:26:15.786,5.74287,5.74518,1.11,1.50
2011.02.01 07:26:16.129,5.74307,5.74536,1.04,1.50
2011.02.01 07:26:20.594,5.74328,5.74552,1.04,1.50
2011.02.01 07:26:20.817,5.74308,5.74535,1.04,1.50
2011.02.01 07:26:22.553,5.74288,5.74518,1.04,1.50
2011.02.01 07:26:30.366,5.74277,5.74518,1.04,1.50
2011.02.01 07:26:34.061,5.74308,5.74551,1.04,1.50
2011.02.01 07:26:39.348,5.74327,5.74551,1.11,1.50
2011.02.01 07:26:39.577,5.74318,5.74564,1.11,1.50
2011.02.01 07:26:39.698,5.74307,5.74573,1.15,1.09
2011.02.01 07:26:40.160,5.74307,5.74559,1.15,1.50
2011.02.01 07:26:41.705,5.74337,5.74575,1.04,1.50
2011.02.01 07:26:43.104,5.74327,5.74558,1.04,1.50
2011.02.01 07:26:43.216,5.74347,5.74578,1.04,2.25
2011.02.01 07:26:45.898,5.74346,5.74591,2.46,1.50
2011.02.01 07:26:48.012,5.74328,5.74575,1.11,1.50
2011.02.01 07:26:58.745,5.74307,5.74553,1.15,1.09
2011.02.01 07:26:59.076,5.74267,5.74535,1.04,1.50
2011.02.01 07:27:05.255,5.74264,5.74519,1.15,1.50
2011.02.01 07:27:07.483,5.74264,5.74519,1.15,1.50
2011.02.01 07:27:07.929,5.74264,5.74532,1.15,1.09
2011.02.01 07:27:09.256,5.74264,5.74519,1.15,1.50
2011.02.01 07:27:11.500,5.74298,5.74548,2.46,1.05
2011.02.01 07:27:16.349,5.74369,5.74582,1.50,1.30
2011.02.01 07:27:16.468,5.74369,5.74582,1.50,1.30
2011.02.01 07:27:16.806,5.74333,5.74552,2.25,1.30
2011.02.01 07:27:17.897,5.74298,5.74538,2.46,1.05
2011.02.01 07:27:18.020,5.74298,5.74532,2.46,1.09
2011.02.01 07:27:18.711,5.74298,5.74552,2.46,2.28
2011.02.01 07:27:18.935,5.74298,5.74547,2.46,1.05
2011.02.01 07:27:19.049,5.74333,5.74552,2.25,1.38
2011.02.01 07:27:19.390,5.74333,5.7457,2.46,1.05
2011.02.01 07:27:19.840,5.74339,5.74572,2.46,2.29
2011.02.01 07:27:20.176,5.74339,5.74572,2.46,2.48
2011.02.01 07:27:20.706,5.74357,5.74572,1.15,2.29
2011.02.01 07:27:22.537,5.7439,5.74562,2.46,1.20
2011.02.01 07:27:22.953,5.74369,5.74573,2.46,1.20
2011.02.01 07:27:23.457,5.74369,5.74562,2.46,1.20
2011.02.01 07:27:23.576,5.74369,5.74572,2.46,1.20
2011.02.01 07:27:24.229,5.74369,5.74574,2.46,2.48
2011.02.01 07:27:24.564,5.74369,5.74563,2.46,1.20
2011.02.01 07:27:25.159,5.74369,5.74523,2.25,1.20
2011.02.01 07:27:25.279,5.74327,5.74536,2.46,2.48
2011.02.01 07:27:25.639,5.74291,5.74536,2.46,2.48
2011.02.01 07:27:25.762,5.74291,5.74516,2.46,2.10
2011.02.01 07:27:26.106,5.74317,5.74516,1.69,2.10
2011.02.01 07:27:26.225,5.74317,5.74532,1.69,1.30
2011.02.01 07:27:27.396,5.74348,5.74532,2.25,1.30
2011.02.01 07:27:27.777,5.74348,5.74525,2.25,1.30
2011.02.01 07:27:29.273,5.74348,5.74549,2.46,1.50
2011.02.01 07:27:29.604,5.74348,5.74534,2.25,1.30
2011.02.01 07:27:31.844,5.74348,5.74497,2.25,1.30
2011.02.01 07:27:32.350,5.74348,5.74521,2.46,1.50
2011.02.01 07:27:32.470,5.74348,5.74559,2.46,1.50
2011.02.01 07:27:33.899,5.74248,5.74537,3.19,1.30
2011.02.01 07:27:36.276,5.74248,5.74537,3.00,1.30
2011.02.01 07:27:36.397,5.74248,5.74496,3.00,1.30
2011.02.01 07:27:36.742,5.74248,5.74509,3.00,1.30
2011.02.01 07:27:39.016,5.74248,5.74509,3.00,1.30
2011.02.01 07:27:40.026,5.74167,5.74467,3.00,1.30
2011.02.01 07:27:40.256,5.74167,5.74484,3.00,1.30
2011.02.01 07:27:41.818,5.74167,5.74484,3.00,1.30
2011.02.01 07:27:41.942,5.74167,5.74484,3.00,1.30
2011.02.01 07:27:42.411,5.74167,5.7445,3.00,1.30
2011.02.01 07:27:43.452,5.74173,5.7445,2.25,1.30
2011.02.01 07:27:45.496,5.74287,5.74531,3.21,2.48
2011.02.01 07:27:45.826,5.74287,5.74503,3.21,1.20
2011.02.01 07:27:46.303,5.74287,5.74523,3.21,1.09
2011.02.01 07:27:47.130,5.74188,5.74547,3.21,1.50
2011.02.01 07:27:47.252,5.74188,5.74524,3.00,1.30
2011.02.01 07:27:48.289,5.74215,5.74524,5.46,2.10
2011.02.01 07:27:48.406,5.74215,5.74527,5.46,1.05
2011.02.01 07:27:48.926,5.7429,5.74524,1.15,2.33
2011.02.01 07:27:49.266,5.74268,5.74524,3.00,2.76
2011.02.01 07:27:50.127,5.74268,5.74545,3.00,1.30
2011.02.01 07:27:50.784,5.74268,5.74563,3.00,1.30
2011.02.01 07:27:50.917,5.74268,5.74571,3.00,2.73
2011.02.01 07:27:51.381,5.74268,5.74588,3.00,1.60
2011.02.01 07:27:54.129,5.74253,5.74517,1.09,1.30
2011.02.01 07:27:54.638,5.74222,5.74493,1.09,1.30
2011.02.01 07:27:54.756,5.74222,5.74462,1.09,1.30
2011.02.01 07:27:54.978,5.74237,5.74478,1.09,1.30
2011.02.01 07:27:55.353,5.74218,5.74462,3.19,1.30
2011.02.01 07:27:55.468,5.74218,5.74462,3.34,1.30
2011.02.01 07:27:55.587,5.74218,5.74478,3.34,1.30
2011.02.01 07:27:56.070,5.74237,5.74494,1.84,1.30
2011.02.01 07:27:57.466,5.74222,5.74472,1.05,1.30
2011.02.01 07:27:59.168,5.74214,5.74448,2.25,1.30
2011.02.01 07:27:59.541,5.74244,5.7447,2.46,2.78
2011.02.01 07:28:00.294,5.74215,5.7447,2.46,1.50
2011.02.01 07:28:01.626,5.74201,5.74447,2.46,1.50
2011.02.01 07:28:05.664,5.74201,5.74432,2.46,1.09
2011.02.01 07:28:05.918,5.74201,5.74442,2.46,1.09
2011.02.01 07:28:06.404,5.74201,5.74432,2.46,1.09
2011.02.01 07:28:06.515,5.74201,5.74442,2.46,1.09
2011.02.01 07:28:07.093,5.74173,5.74413,2.46,1.09
2011.02.01 07:28:07.206,5.74173,5.74413,2.46,1.09
2011.02.01 07:28:10.056,5.74158,5.74405,2.46,1.50
2011.02.01 07:28:11.677,5.74173,5.74405,2.46,1.50
2011.02.01 07:28:14.765,5.74201,5.74437,2.46,1.05
2011.02.01 07:28:16.821,5.74242,5.74454,1.71,1.50
2011.02.01 07:28:16.942,5.74242,5.74478,2.46,1.50
2011.02.01 07:28:17.426,5.74256,5.74488,2.46,1.50
2011.02.01 07:28:17.539,5.74256,5.74488,2.46,1.50
2011.02.01 07:28:18.258,5.74243,5.7448,2.46,1.05
2011.02.01 07:28:18.488,5.74214,5.74462,2.46,1.50
2011.02.01 07:28:19.003,5.74214,5.74462,2.46,1.50
2011.02.01 07:28:20.769,5.74215,5.74463,2.46,1.58
2011.02.01 07:28:21.361,5.74215,5.74453,2.46,1.09
2011.02.01 07:28:21.481,5.74215,5.74452,2.46,1.09
2011.02.01 07:28:23.863,5.74201,5.74433,2.46,4.50
2011.02.01 07:28:24.152,5.74177,5.7442,4.71,1.50
2011.02.01 07:28:24.500,5.742,5.74433,2.46,4.50
2011.02.01 07:28:27.798,5.74178,5.74409,4.71,1.50
2011.02.01 07:28:28.387,5.74178,5.74421,4.71,1.50
2011.02.01 07:28:28.827,5.74177,5.74403,4.71,1.50
2011.02.01 07:28:29.258,5.74177,5.7442,4.71,1.50
2011.02.01 07:28:31.508,5.74201,5.74437,2.46,1.65
2011.02.01 07:28:33.916,5.74214,5.74437,2.46,1.05
2011.02.01 07:28:34.034,5.74214,5.74448,2.46,1.05
2011.02.01 07:28:34.144,5.742,5.74438,2.46,1.05
2011.02.01 07:28:35.195,5.742,5.74432,2.46,1.09
2011.02.01 07:28:36.264,5.742,5.74443,2.46,1.09
2011.02.01 07:28:40.236,5.74214,5.74453,2.46,4.58
2011.02.01 07:28:42.878,5.7422,5.74445,4.71,1.58
2011.02.01 07:28:46.116,5.74179,5.74411,2.46,3.90
2011.02.01 07:28:46.224,5.74179,5.74407,2.46,1.65
2011.02.01 07:28:46.635,5.74178,5.74407,4.71,1.50
2011.02.01 07:28:46.748,5.74178,5.74423,4.71,1.58
2011.02.01 07:28:47.417,5.74214,5.7444,2.46,1.50
2011.02.01 07:28:47.792,5.74257,5.74483,2.46,4.50
2011.02.01 07:28:47.905,5.74257,5.74483,2.46,4.50
2011.02.01 07:28:48.586,5.743,5.74501,1.71,1.50
2011.02.01 07:28:48.695,5.743,5.74512,1.71,1.50
2011.02.01 07:28:48.805,5.743,5.74512,1.71,1.50
2011.02.01 07:28:50.771,5.74327,5.74543,1.50,1.30
2011.02.01 07:28:53.705,5.74328,5.74529,1.50,1.50
2011.02.01 07:28:53.924,5.74328,5.74543,1.50,1.30
2011.02.01 07:28:55.656,5.74346,5.74543,3.75,1.30
2011.02.01 07:28:56.005,5.74348,5.7457,2.46,1.50
2011.02.01 07:28:56.225,5.74371,5.7457,1.50,1.50
2011.02.01 07:28:56.555,5.74457,5.74623,3.75,2.05
2011.02.01 07:28:56.663,5.74457,5.74623,3.75,2.05
2011.02.01 07:28:57.997,5.7445,5.74605,3.75,1.50
2011.02.01 07:28:58.784,5.7445,5.74606,3.75,1.50
2011.02.01 07:28:58.899,5.74408,5.7458,3.75,1.30
2011.02.01 07:28:59.246,5.74412,5.74562,3.75,1.30
2011.02.01 07:28:59.574,5.74428,5.7458,3.75,1.50
2011.02.01 07:29:00.884,5.74428,5.74632,4.50,1.30
2011.02.01 07:29:00.994,5.74467,5.74632,3.75,1.30
2011.02.01 07:29:02.280,5.74446,5.74615,3.75,1.30
2011.02.01 07:29:02.990,5.74425,5.74615,3.75,1.30
2011.02.01 07:29:04.050,5.74397,5.74555,3.00,4.30
2011.02.01 07:29:04.170,5.74299,5.74532,4.71,1.50
2011.02.01 07:29:04.288,5.74299,5.74511,4.71,1.50
2011.02.01 07:29:04.587,5.74266,5.74511,4.71,2.05
2011.02.01 07:29:04.701,5.74266,5.74494,4.71,1.30
2011.02.01 07:29:05.319,5.7428,5.74494,2.25,1.30
2011.02.01 07:29:05.768,5.74299,5.74532,4.71,1.50
2011.02.01 07:29:05.886,5.74299,5.74532,4.71,1.50
2011.02.01 07:29:06.238,5.74301,5.74543,2.46,1.30
2011.02.01 07:29:06.469,5.74301,5.74541,2.46,1.50
2011.02.01 07:29:06.818,5.7426,5.74497,2.46,1.30
2011.02.01 07:29:08.115,5.74281,5.7451,2.25,1.30
2011.02.01 07:29:09.075,5.74302,5.74524,2.25,1.30
2011.02.01 07:29:09.191,5.74323,5.74554,2.46,4.58
2011.02.01 07:29:09.306,5.74302,5.74552,2.46,2.28
2011.02.01 07:29:09.416,5.74302,5.74542,2.46,1.38
2011.02.01 07:29:09.645,5.74302,5.74536,2.46,2.10
2011.02.01 07:29:10.178,5.7428,5.74532,2.46,4.65
2011.02.01 07:29:10.735,5.74355,5.74478,3.75,1.50
2011.02.01 07:29:10.953,5.74355,5.7452,3.75,1.30
2011.02.01 07:29:11.895,5.74364,5.7452,3.75,1.30
2011.02.01 07:29:12.246,5.74386,5.74541,3.75,1.30
2011.02.01 07:29:18.843,5.74422,5.74565,3.96,1.50
2011.02.01 07:29:19.070,5.74402,5.74615,3.96,1.50
2011.02.01 07:29:20.108,5.74443,5.74674,4.71,1.50
2011.02.01 07:29:20.341,5.74426,5.74658,1.15,1.50
2011.02.01 07:29:20.461,5.74444,5.74662,4.50,1.30
2011.02.01 07:29:20.833,5.74444,5.74658,3.96,1.50
2011.02.01 07:29:21.725,5.74465,5.74691,4.71,1.50
2011.02.01 07:29:21.835,5.74486,5.74691,3.75,1.50
2011.02.01 07:29:22.289,5.74507,5.74716,3.96,1.50
2011.02.01 07:29:23.258,5.74485,5.747,3.96,1.50
2011.02.01 07:29:23.609,5.74464,5.74699,4.71,1.50
2011.02.01 07:29:23.736,5.74506,5.74715,3.96,1.50
2011.02.01 07:29:23.959,5.74507,5.74731,4.71,1.50
2011.02.01 07:29:24.393,5.74527,5.74731,3.96,1.50
2011.02.01 07:29:25.346,5.74506,5.74716,3.96,1.50
2011.02.01 07:29:25.568,5.74483,5.74674,3.75,1.50
2011.02.01 07:29:25.915,5.74507,5.74674,3.96,1.50
2011.02.01 07:29:26.035,5.74444,5.74632,3.75,1.50
2011.02.01 07:29:26.149,5.74414,5.74632,3.96,1.50
2011.02.01 07:29:26.735,5.74436,5.74649,3.96,1.50
2011.02.01 07:29:27.287,5.74441,5.74649,3.75,1.50
2011.02.01 07:29:27.659,5.74465,5.74675,3.96,1.50
2011.02.01 07:29:28.276,5.74465,5.74691,4.71,1.50
2011.02.01 07:29:28.396,5.74485,5.74691,3.75,1.50
2011.02.01 07:29:29.906,5.74527,5.74691,3.75,1.50
2011.02.01 07:29:30.124,5.74528,5.74731,3.96,1.50
2011.02.01 07:29:31.703,5.74507,5.74715,3.96,1.50
2011.02.01 07:29:31.819,5.74507,5.74715,3.96,1.50
2011.02.01 07:29:32.514,5.74507,5.74732,4.71,1.50
2011.02.01 07:29:32.629,5.74507,5.74716,3.96,1.50
2011.02.01 07:29:32.963,5.74486,5.747,3.96,1.50
2011.02.01 07:29:33.075,5.74486,5.74676,3.75,1.50
2011.02.01 07:29:33.325,5.74486,5.74674,3.75,1.50
2011.02.01 07:29:33.442,5.74486,5.74691,3.75,1.50
2011.02.01 07:29:34.744,5.74418,5.74662,2.46,2.05
2011.02.01 07:29:36.355,5.74418,5.74662,2.54,1.30
2011.02.01 07:29:36.466,5.74485,5.74676,3.75,1.30
2011.02.01 07:29:37.663,5.74471,5.74676,4.50,1.30
2011.02.01 07:29:37.886,5.74444,5.74676,2.25,1.30
2011.02.01 07:29:37.994,5.74444,5.74662,2.25,1.30
2011.02.01 07:29:38.906,5.74421,5.74642,4.50,1.30
2011.02.01 07:29:41.028,5.74401,5.74642,2.46,1.30
2011.02.01 07:29:41.901,5.74444,5.74642,2.25,1.30
2011.02.01 07:29:42.016,5.74441,5.74642,4.50,1.30
2011.02.01 07:29:42.358,5.74402,5.74642,2.46,1.30
2011.02.01 07:29:42.740,5.74402,5.74642,2.46,1.30
2011.02.01 07:29:43.844,5.74443,5.74642,1.50,1.30
2011.02.01 07:29:43.961,5.74443,5.74656,2.25,1.30
2011.02.01 07:29:45.553,5.74421,5.74642,4.50,1.30
2011.02.01 07:29:45.667,5.74401,5.74642,6.21,1.30
2011.02.01 07:29:45.784,5.74401,5.74642,6.21,1.30
2011.02.01 07:29:48.165,5.74444,5.74655,1.50,4.30
2011.02.01 07:29:48.503,5.74444,5.74656,2.25,1.30
2011.02.01 07:29:49.655,5.74421,5.74642,4.50,1.30
2011.02.01 07:29:49.877,5.74483,5.74642,3.75,1.30
2011.02.01 07:29:50.245,5.74462,5.74683,4.50,1.30
2011.02.01 07:29:50.366,5.74486,5.74697,2.25,1.30
2011.02.01 07:29:51.757,5.74484,5.7469,3.75,1.30
2011.02.01 07:29:51.875,5.74443,5.7469,2.46,1.30
2011.02.01 07:29:52.279,5.74443,5.74667,2.25,1.30
2011.02.01 07:29:52.398,5.74443,5.74643,1.50,1.30
2011.02.01 07:29:52.626,5.74444,5.74656,1.50,1.30
2011.02.01 07:29:52.975,5.74444,5.74656,2.25,1.30
2011.02.01 07:29:54.326,5.74465,5.74656,1.50,1.30
2011.02.01 07:29:54.726,5.74443,5.74683,2.46,1.30
2011.02.01 07:29:54.956,5.74451,5.74683,4.71,1.30
2011.02.01 07:29:55.515,5.74483,5.74683,4.50,1.30
2011.02.01 07:29:55.629,5.74486,5.74703,2.25,1.30
2011.02.01 07:29:56.568,5.74479,5.74666,3.75,1.30
2011.02.01 07:29:56.909,5.74467,5.74643,1.20,1.30
2011.02.01 07:29:57.359,5.74467,5.74678,1.20,1.50
2011.02.01 07:29:57.479,5.74478,5.74682,1.09,1.38
2011.02.01 07:29:57.707,5.74473,5.74682,1.05,1.45
2011.02.01 07:29:58.048,5.74478,5.74682,1.09,1.38
2011.02.01 07:29:58.511,5.74472,5.74682,1.05,1.30
2011.02.01 07:29:58.736,5.74463,5.74678,4.50,2.70
2011.02.01 07:29:59.566,5.74463,5.74678,4.50,2.48
2011.02.01 07:29:59.675,5.74463,5.74678,4.50,2.29
2011.02.01 07:30:00.144,5.74463,5.74682,4.58,1.45
2011.02.01 07:30:00.313,5.74463,5.74678,4.50,2.29
2011.02.01 07:30:00.746,5.74463,5.74682,4.58,1.45
2011.02.01 07:30:01.093,5.74463,5.74678,4.50,2.29
2011.02.01 07:30:01.912,5.74457,5.74668,1.11,1.05
2011.02.01 07:30:02.024,5.74458,5.74682,1.11,2.28
2011.02.01 07:30:02.364,5.74458,5.74667,1.11,1.05
2011.02.01 07:30:02.475,5.74462,5.74678,1.05,1.05
2011.02.01 07:30:02.585,5.74457,5.74665,1.04,2.10
2011.02.01 07:30:03.229,5.74448,5.74665,1.11,2.33
2011.02.01 07:30:05.285,5.74447,5.74665,1.04,2.10
2011.02.01 07:30:05.960,5.74457,5.74668,1.11,1.05
2011.02.01 07:30:06.787,5.74448,5.74665,1.04,2.10
2011.02.01 07:30:07.016,5.74438,5.74642,1.09,1.30
2011.02.01 07:30:11.363,5.7444,5.74642,2.29,1.30
2011.02.01 07:30:11.475,5.74437,5.74642,1.09,1.30
2011.02.01 07:30:11.794,5.7444,5.74642,2.29,1.30
2011.02.01 07:30:12.476,5.74448,5.74656,1.20,1.30
2011.02.01 07:30:13.049,5.74457,5.74656,1.20,1.30
2011.02.01 07:30:13.628,5.74483,5.74693,9.98,1.50
2011.02.01 07:30:13.750,5.74492,5.74703,1.05,1.45
2011.02.01 07:30:13.908,5.74497,5.74703,1.20,1.30
2011.02.01 07:30:14.448,5.74492,5.74703,1.05,1.45
2011.02.01 07:30:14.827,5.74483,5.74703,10.35,2.46
2011.02.01 07:30:15.509,5.74493,5.74703,1.05,1.45
2011.02.01 07:30:16.284,5.74483,5.74703,10.35,2.46
2011.02.01 07:30:16.727,5.74497,5.74703,2.10,1.38
2011.02.01 07:30:17.188,5.74488,5.74702,1.09,1.09
2011.02.01 07:30:17.491,5.74483,5.74697,4.80,1.05
2011.02.01 07:30:18.176,5.74497,5.74703,2.10,1.38
2011.02.01 07:30:18.635,5.74488,5.74697,1.09,4.65
2011.02.01 07:30:18.745,5.74488,5.74696,1.09,1.38
2011.02.01 07:30:21.345,5.74468,5.74682,1.09,1.38
2011.02.01 07:30:21.455,5.74473,5.74682,1.17,1.30
2011.02.01 07:30:21.775,5.74478,5.74699,1.09,2.58
2011.02.01 07:30:22.104,5.74499,5.74699,2.29,1.30
2011.02.01 07:30:23.026,5.74492,5.74699,1.05,1.30
2011.02.01 07:30:23.134,5.74499,5.74699,2.29,1.30
2011.02.01 07:30:23.535,5.74487,5.74699,1.09,1.30
2011.02.01 07:30:23.660,5.74499,5.74699,2.29,1.30
2011.02.01 07:30:23.999,5.74499,5.74722,2.61,1.58
2011.02.01 07:30:24.357,5.74508,5.74718,1.09,4.50
2011.02.01 07:30:24.467,5.74513,5.74724,1.05,1.45
2011.02.01 07:30:24.585,5.74517,5.74724,1.09,1.30
2011.02.01 07:30:24.797,5.74512,5.74724,1.05,1.45
2011.02.01 07:30:25.432,5.74498,5.74693,1.34,1.50
2011.02.01 07:30:25.551,5.7447,5.74669,2.70,1.30
2011.02.01 07:30:25.895,5.74468,5.74669,1.09,1.30
2011.02.01 07:30:26.019,5.7447,5.74669,2.29,1.30
2011.02.01 07:30:26.334,5.74457,5.74669,1.09,1.30
2011.02.01 07:30:26.582,5.74458,5.74682,1.41,1.30
2011.02.01 07:30:26.700,5.74462,5.74682,4.65,1.30
2011.02.01 07:30:27.416,5.74483,5.74682,2.48,1.30
2011.02.01 07:30:27.637,5.74499,5.74703,2.29,1.30
2011.02.01 07:30:28.096,5.74502,5.74712,3.96,1.09
2011.02.01 07:30:28.204,5.74502,5.74712,4.71,1.09
2011.02.01 07:30:28.535,5.74508,5.74722,1.04,1.09
2011.02.01 07:30:28.644,5.74502,5.74712,4.71,1.09
2011.02.01 07:30:29.389,5.74511,5.74713,2.61,1.09
2011.02.01 07:30:30.506,5.74511,5.74713,2.61,1.09
2011.02.01 07:30:30.734,5.74511,5.74709,2.39,2.70
2011.02.01 07:30:30.846,5.74511,5.74709,1.05,2.70
2011.02.01 07:30:30.968,5.74481,5.74673,4.71,1.20
2011.02.01 07:30:31.326,5.74481,5.74653,3.75,1.09
2011.02.01 07:30:31.544,5.74452,5.74653,2.50,1.09
2011.02.01 07:30:31.655,5.74452,5.7465,1.26,2.70
2011.02.01 07:30:32.208,5.74452,5.74653,2.50,1.09
2011.02.01 07:30:32.566,5.74457,5.74672,1.11,1.09
2011.02.01 07:30:32.982,5.74468,5.74668,2.70,1.05
2011.02.01 07:30:33.314,5.74467,5.74667,1.09,2.10
2011.02.01 07:30:33.751,5.74468,5.74677,2.48,1.17
2011.02.01 07:30:34.256,5.74469,5.74682,1.08,1.09
2011.02.01 07:30:34.643,5.74472,5.74667,1.26,2.33
2011.02.01 07:30:34.757,5.74469,5.74677,1.40,1.17
2011.02.01 07:30:35.045,5.74469,5.74667,1.21,2.10
2011.02.01 07:30:36.420,5.74468,5.74663,2.39,1.20
2011.02.01 07:30:37.156,5.74451,5.74652,3.09,1.09
2011.02.01 07:30:37.272,5.74452,5.74638,1.04,1.05
2011.02.01 07:30:37.608,5.74457,5.74662,1.11,1.09
2011.02.01 07:30:38.597,5.74457,5.74673,1.11,1.58
2011.02.01 07:30:38.718,5.74468,5.74666,2.48,2.10
2011.02.01 07:30:38.835,5.7446,5.74666,10.28,2.48
2011.02.01 07:30:38.947,5.74468,5.74666,2.70,2.33
2011.02.01 07:30:39.631,5.74467,5.74666,1.09,2.48
2011.02.01 07:30:40.376,5.74457,5.74666,1.60,2.48
2011.02.01 07:30:40.705,5.74468,5.74667,1.20,1.05
2011.02.01 07:30:41.077,5.74458,5.74657,1.20,1.05
2011.02.01 07:30:42.576,5.74457,5.74673,1.11,1.58
2011.02.01 07:30:42.689,5.74509,5.74695,2.24,9.60
2011.02.01 07:30:43.021,5.74509,5.74695,2.61,3.83
2011.02.01 07:30:43.475,5.74521,5.74716,3.96,2.48
2011.02.01 07:30:43.584,5.74521,5.74716,9.89,2.33
2011.02.01 07:30:44.185,5.74517,5.74713,1.11,1.20
2011.02.01 07:30:44.693,5.74518,5.74716,2.43,2.10
2011.02.01 07:30:45.796,5.74512,5.74737,4.71,1.05
2011.02.01 07:30:48.266,5.74497,5.74729,1.04,1.50
2011.02.01 07:30:55.584,5.74501,5.74745,4.71,1.50
