2017.11.03 06:00:00.214,8.12922,8.13155,1.00,1.00
2017.11.03 06:00:00.962,8.12929,8.13155,1.00,1.00
2017.11.03 06:00:01.064,8.12944,8.13175,1.00,1.00
2017.11.03 06:00:01.115,8.12944,8.13191,1.00,1.00
2017.11.03 06:00:01.166,8.12948,8.13197,1.00,1.00
2017.11.03 06:00:01.319,8.12948,8.13181,1.00,1.00
2017.11.03 06:00:02.067,8.12953,8.13181,1.00,1.00
2017.11.03 06:00:04.256,8.12948,8.13181,1.00,1.00
2017.11.03 06:00:04.307,8.12942,8.13181,1.00,1.00
2017.11.03 06:00:04.359,8.12932,8.13181,2.25,1.00
2017.11.03 06:00:04.511,8.12932,8.13172,1.00,1.00
2017.11.03 06:00:04.817,8.12932,8.13158,1.00,1.00
2017.11.03 06:00:05.516,8.12942,8.13158,1.00,1.00
2017.11.03 06:00:05.568,8.12948,8.13183,1.00,1.00
2017.11.03 06:00:06.200,8.12949,8.13183,1.00,1.00
2017.11.03 06:00:09.770,8.12938,8.13183,1.13,1.00
2017.11.03 06:00:09.821,8.12932,8.13169,1.00,1.00
2017.11.03 06:00:09.974,8.12922,8.13164,1.00,1.00
2017.11.03 06:00:10.635,8.12922,8.13148,1.00,1.00
2017.11.03 06:00:15.536,8.12928,8.13148,1.00,1.00
2017.11.03 06:00:15.588,8.12942,8.1319,1.00,1.00
2017.11.03 06:00:15.898,8.12974,8.13211,1.00,1.38
2017.11.03 06:00:15.950,8.12974,8.13223,1.00,1.00
2017.11.03 06:00:16.001,8.12979,8.13228,1.00,1.50
2017.11.03 06:00:17.462,8.12964,8.13212,1.50,1.00
2017.11.03 06:00:17.767,8.12932,8.13167,1.00,1.00
2017.11.03 06:00:17.894,8.12922,8.13167,1.00,1.00
2017.11.03 06:00:17.997,8.12938,8.13176,1.00,1.00
2017.11.03 06:00:18.304,8.12942,8.13176,1.00,1.00
2017.11.03 06:00:19.982,8.12952,8.13176,1.00,1.00
2017.11.03 06:00:21.228,8.12955,8.13176,1.00,1.00
2017.11.03 06:00:21.850,8.12952,8.13176,1.00,1.00
2017.11.03 06:00:22.494,8.12949,8.13172,1.00,1.00
2017.11.03 06:00:22.547,8.12924,8.13172,1.00,1.00
2017.11.03 06:00:22.598,8.12922,8.13168,1.50,1.00
2017.11.03 06:00:22.930,8.12922,8.13165,1.00,1.00
2017.11.03 06:00:23.397,8.12922,8.13163,1.00,1.00
2017.11.03 06:00:28.348,8.12922,8.13165,1.50,1.00
2017.11.03 06:00:28.707,8.12925,8.13165,1.00,1.00
2017.11.03 06:00:29.120,8.12934,8.13165,1.00,1.00
2017.11.03 06:00:29.272,8.12923,8.13165,1.00,1.00
2017.11.03 06:00:29.562,8.12926,8.13165,1.00,1.00
2017.11.03 06:00:29.668,8.12923,8.13165,1.00,1.00
2017.11.03 06:00:30.558,8.12924,8.13165,1.00,1.00
2017.11.03 06:00:30.942,8.12941,8.13165,1.00,1.00
2017.11.03 06:00:31.272,8.12952,8.13165,1.00,1.00
2017.11.03 06:00:47.950,8.12952,8.13171,1.00,1.00
2017.11.03 06:00:48.002,8.12952,8.13163,1.00,1.00
2017.11.03 06:00:48.054,8.12932,8.13163,1.00,1.00
2017.11.03 06:00:58.430,8.12922,8.13163,1.00,1.00
2017.11.03 06:01:00.179,8.12922,8.13162,1.00,1.00
2017.11.03 06:01:01.781,8.12925,8.13162,1.00,1.00
2017.11.03 06:01:06.282,8.12925,8.13163,1.00,1.50
2017.11.03 06:01:11.055,8.12922,8.13163,1.00,1.50
2017.11.03 06:01:11.207,8.12922,8.1316,1.00,1.00
2017.11.03 06:01:13.797,8.12922,8.13158,1.00,1.00
2017.11.03 06:01:14.409,8.12922,8.1316,1.00,1.00
2017.11.03 06:01:21.313,8.12922,8.13159,1.00,1.00
2017.11.03 06:01:27.238,8.12922,8.13149,1.00,1.00
2017.11.03 06:01:27.721,8.12923,8.13144,1.00,1.00
2017.11.03 06:01:27.823,8.12913,8.13144,1.00,1.00
2017.11.03 06:01:28.833,8.12922,8.13144,1.00,1.00
2017.11.03 06:01:43.560,8.12922,8.13124,1.00,1.00
2017.11.03 06:01:51.029,8.12912,8.13124,1.50,1.00
2017.11.03 06:01:51.080,8.12902,8.13124,1.00,1.00
2017.11.03 06:01:51.181,8.12889,8.13124,1.00,1.00
2017.11.03 06:01:51.806,8.12888,8.13124,1.50,1.00
2017.11.03 06:01:51.982,8.12888,8.13121,1.50,1.00
2017.11.03 06:01:52.892,8.12889,8.13121,1.00,1.00
2017.11.03 06:01:54.773,8.1286,8.13088,1.00,1.00
2017.11.03 06:01:55.078,8.12828,8.13023,1.00,1.00
2017.11.03 06:01:55.129,8.12814,8.13023,1.00,1.00
2017.11.03 06:01:55.181,8.12804,8.13012,1.00,1.00
2017.11.03 06:01:55.233,8.12783,8.13016,1.00,1.00
2017.11.03 06:01:55.335,8.12777,8.13016,1.00,1.00
2017.11.03 06:01:55.500,8.12768,8.13016,1.50,1.00
2017.11.03 06:01:57.293,8.12788,8.13016,1.00,1.00
2017.11.03 06:01:57.344,8.1279,8.13033,1.00,1.19
2017.11.03 06:01:57.446,8.1279,8.13023,1.00,1.00
2017.11.03 06:01:57.649,8.12783,8.13023,1.00,1.00
2017.11.03 06:01:58.300,8.12784,8.13023,1.00,1.00
2017.11.03 06:01:59.067,8.12783,8.13023,1.00,1.00
2017.11.03 06:01:59.699,8.12784,8.13022,1.00,1.00
2017.11.03 06:01:59.750,8.12792,8.13033,1.00,1.00
2017.11.03 06:01:59.802,8.12799,8.13033,1.00,1.00
2017.11.03 06:01:59.853,8.12799,8.13038,1.00,1.00
2017.11.03 06:01:59.904,8.12804,8.13038,1.00,1.00
2017.11.03 06:02:00.394,8.12807,8.13038,1.00,1.00
2017.11.03 06:02:03.874,8.12804,8.13038,1.00,1.00
2017.11.03 06:02:03.926,8.12804,8.13024,1.00,1.00
2017.11.03 06:02:04.086,8.12792,8.13014,1.00,1.00
2017.11.03 06:02:04.138,8.12783,8.13018,1.00,1.00
2017.11.03 06:02:04.240,8.12783,8.13021,1.00,1.00
2017.11.03 06:02:04.768,8.12784,8.13021,1.00,1.00
2017.11.03 06:02:06.402,8.12786,8.13021,1.00,1.00
2017.11.03 06:02:06.726,8.12798,8.13021,1.00,1.00
2017.11.03 06:02:07.343,8.128,8.13021,1.00,1.00
2017.11.03 06:02:09.470,8.12811,8.13021,1.00,1.00
2017.11.03 06:02:09.590,8.12784,8.13021,1.00,1.00
2017.11.03 06:02:09.970,8.12784,8.13024,1.50,1.00
2017.11.03 06:02:10.022,8.12784,8.12997,1.00,1.00
2017.11.03 06:02:10.075,8.1277,8.13009,1.00,1.00
2017.11.03 06:02:10.126,8.12757,8.13,1.00,1.00
2017.11.03 06:02:10.229,8.12757,8.13004,1.50,1.00
2017.11.03 06:02:10.281,8.12759,8.13008,1.00,1.00
2017.11.03 06:02:10.332,8.12763,8.13005,1.00,1.00
2017.11.03 06:02:10.637,8.1277,8.13005,1.50,1.00
2017.11.03 06:02:10.951,8.12772,8.13005,1.00,1.00
2017.11.03 06:02:11.256,8.12777,8.13005,1.00,1.00
2017.11.03 06:02:11.731,8.1277,8.13005,1.00,1.00
2017.11.03 06:02:12.179,8.12776,8.13005,1.00,1.00
2017.11.03 06:02:13.815,8.12784,8.13005,1.00,1.00
2017.11.03 06:02:15.268,8.12798,8.1303,1.00,1.00
2017.11.03 06:02:15.319,8.12801,8.1305,1.00,1.00
2017.11.03 06:02:15.421,8.12812,8.1305,1.00,1.00
2017.11.03 06:02:15.523,8.12812,8.13055,1.00,1.00
2017.11.03 06:02:16.027,8.12812,8.13048,1.00,1.00
2017.11.03 06:02:18.688,8.12797,8.13035,1.00,1.00
2017.11.03 06:02:18.740,8.12783,8.13022,1.00,1.00
2017.11.03 06:02:19.567,8.12783,8.13018,1.00,1.00
2017.11.03 06:02:20.066,8.12783,8.13022,1.00,1.00
2017.11.03 06:02:21.433,8.12783,8.13023,1.00,1.00
2017.11.03 06:02:21.988,8.12784,8.13023,1.00,1.00
2017.11.03 06:02:22.533,8.12784,8.13024,1.00,1.00
2017.11.03 06:02:23.085,8.12783,8.13024,1.00,1.00
2017.11.03 06:02:24.879,8.12801,8.1305,1.00,1.00
2017.11.03 06:02:24.931,8.12803,8.13052,1.00,1.00
2017.11.03 06:02:25.235,8.12808,8.13057,1.00,1.00
2017.11.03 06:02:25.678,8.12808,8.13049,1.00,1.00
2017.11.03 06:02:26.027,8.12813,8.13049,1.00,1.00
2017.11.03 06:02:29.570,8.12815,8.13049,1.00,1.00
2017.11.03 06:02:36.463,8.12811,8.13049,1.00,1.00
2017.11.03 06:02:37.068,8.12809,8.13049,1.00,1.00
2017.11.03 06:02:37.597,8.1281,8.13049,1.00,1.00
2017.11.03 06:02:42.710,8.12814,8.13049,1.00,1.00
2017.11.03 06:02:43.654,8.1281,8.13049,1.00,1.00
2017.11.03 06:02:48.655,8.12814,8.13049,1.00,1.00
2017.11.03 06:02:50.482,8.12815,8.13049,1.00,1.00
2017.11.03 06:02:51.493,8.12814,8.13049,1.00,1.00
2017.11.03 06:02:52.103,8.1281,8.13049,1.44,1.00
2017.11.03 06:02:52.628,8.1281,8.13049,1.00,1.00
2017.11.03 06:02:58.122,8.12812,8.13049,1.00,1.00
2017.11.03 06:02:58.274,8.1281,8.13049,1.00,1.00
2017.11.03 06:02:59.007,8.12812,8.13049,1.00,1.00
2017.11.03 06:02:59.618,8.12811,8.13049,1.00,1.00
2017.11.03 06:03:04.231,8.12804,8.13046,1.00,1.00
2017.11.03 06:03:04.282,8.12804,8.13043,1.00,1.00
2017.11.03 06:03:04.333,8.12793,8.13035,1.00,1.00
2017.11.03 06:03:04.384,8.12793,8.13025,1.00,1.00
2017.11.03 06:03:04.436,8.12777,8.13025,1.00,1.00
2017.11.03 06:03:05.153,8.12772,8.13019,1.00,1.00
2017.11.03 06:03:05.306,8.1276,8.13009,1.00,1.00
2017.11.03 06:03:05.467,8.12764,8.13013,1.00,1.00
2017.11.03 06:03:05.772,8.12771,8.1301,1.00,1.00
2017.11.03 06:03:06.543,8.12772,8.1301,1.00,1.00
2017.11.03 06:03:07.132,8.1277,8.1301,1.00,1.00
2017.11.03 06:03:09.233,8.12765,8.1301,1.44,1.00
2017.11.03 06:03:09.386,8.1276,8.13008,1.38,1.00
2017.11.03 06:03:09.449,8.1276,8.13008,1.00,1.00
2017.11.03 06:03:09.501,8.12756,8.13005,1.00,1.00
2017.11.03 06:03:10.276,8.1276,8.13008,1.00,1.00
2017.11.03 06:03:10.912,8.12762,8.1301,1.00,1.50
2017.11.03 06:03:14.043,8.12761,8.13009,1.00,1.00
2017.11.03 06:03:15.074,8.12766,8.1301,1.00,1.00
2017.11.03 06:03:15.584,8.12771,8.1301,1.00,1.00
2017.11.03 06:03:15.890,8.12775,8.1301,1.00,1.00
2017.11.03 06:03:26.403,8.12776,8.1301,1.00,1.00
2017.11.03 06:03:28.648,8.12775,8.1301,1.00,1.00
2017.11.03 06:03:33.865,8.12785,8.13033,1.00,1.50
2017.11.03 06:03:33.967,8.12811,8.13038,1.00,1.00
2017.11.03 06:03:34.019,8.12798,8.13027,1.00,1.00
2017.11.03 06:03:34.172,8.12785,8.13027,1.00,1.00
2017.11.03 06:03:34.274,8.12782,8.13024,1.50,1.00
2017.11.03 06:03:35.741,8.12782,8.13023,1.50,1.00
2017.11.03 06:03:37.193,8.12782,8.13025,1.50,1.00
2017.11.03 06:03:44.497,8.12783,8.13025,1.00,1.00
2017.11.03 06:03:45.035,8.12783,8.13026,1.00,1.00
2017.11.03 06:03:45.599,8.12782,8.13026,1.50,1.00
2017.11.03 06:03:46.324,8.12782,8.13025,1.00,1.00
2017.11.03 06:03:46.375,8.12782,8.1302,1.00,1.00
2017.11.03 06:03:46.691,8.12774,8.1302,1.00,1.00
2017.11.03 06:03:47.968,8.12768,8.13012,1.50,1.00
2017.11.03 06:03:48.595,8.12768,8.13015,1.50,1.00
2017.11.03 06:03:52.251,8.12774,8.13023,1.00,1.00
2017.11.03 06:03:54.504,8.12775,8.13024,1.00,1.00
2017.11.03 06:03:59.737,8.12776,8.13024,1.00,1.00
2017.11.03 06:04:03.981,8.12785,8.13026,1.00,1.00
2017.11.03 06:04:04.286,8.12802,8.13047,1.50,1.00
2017.11.03 06:04:04.792,8.12802,8.13048,1.50,1.00
2017.11.03 06:04:05.154,8.12802,8.13059,3.00,1.00
2017.11.03 06:04:05.255,8.12845,8.13059,1.00,1.00
2017.11.03 06:04:05.818,8.12845,8.13068,1.00,1.00
2017.11.03 06:04:05.870,8.12831,8.13068,1.00,1.00
2017.11.03 06:04:06.053,8.12855,8.13068,1.00,1.00
2017.11.03 06:04:06.155,8.12837,8.13068,1.00,1.00
2017.11.03 06:04:06.359,8.12843,8.13067,1.00,1.00
2017.11.03 06:04:06.643,8.12839,8.13068,1.00,1.00
2017.11.03 06:04:06.807,8.12866,8.13068,1.00,1.00
2017.11.03 06:04:07.150,8.12851,8.13068,1.00,1.00
2017.11.03 06:04:07.201,8.12866,8.13068,1.00,1.00
2017.11.03 06:04:07.252,8.12853,8.13068,1.00,1.00
2017.11.03 06:04:07.303,8.12866,8.13068,1.00,1.00
2017.11.03 06:04:07.405,8.12854,8.13077,1.00,1.00
2017.11.03 06:04:07.565,8.12877,8.13078,1.00,1.00
2017.11.03 06:04:08.116,8.12877,8.13077,1.00,1.00
2017.11.03 06:04:08.666,8.12877,8.13078,1.00,1.00
2017.11.03 06:04:11.813,8.12877,8.13077,1.00,1.00
2017.11.03 06:04:12.361,8.12877,8.13078,1.00,1.00
2017.11.03 06:04:12.991,8.12877,8.13077,1.00,1.00
2017.11.03 06:04:13.754,8.12877,8.13078,1.00,1.00
2017.11.03 06:04:14.441,8.12877,8.13077,1.00,1.00
2017.11.03 06:04:15.124,8.12877,8.13078,1.00,1.00
2017.11.03 06:04:15.175,8.12877,8.13106,1.00,1.00
2017.11.03 06:04:15.429,8.12878,8.13111,1.00,1.00
2017.11.03 06:04:15.613,8.12901,8.13111,1.00,1.00
2017.11.03 06:04:15.835,8.12884,8.13111,1.00,1.00
2017.11.03 06:04:15.936,8.12901,8.13111,1.00,1.00
2017.11.03 06:04:16.343,8.1289,8.13111,1.00,1.00
2017.11.03 06:04:16.512,8.12912,8.13111,1.00,1.00
2017.11.03 06:04:17.801,8.12912,8.1311,1.00,1.00
2017.11.03 06:04:18.346,8.12912,8.13111,1.00,1.00
2017.11.03 06:04:19.803,8.12912,8.1311,1.00,1.00
2017.11.03 06:04:21.724,8.12912,8.13111,1.00,1.00
2017.11.03 06:04:23.406,8.12912,8.1311,1.00,1.00
2017.11.03 06:04:23.698,8.12912,8.13118,1.00,1.00
2017.11.03 06:04:24.841,8.12912,8.13129,1.50,1.00
2017.11.03 06:04:25.007,8.12934,8.13153,1.00,1.69
2017.11.03 06:04:25.311,8.12934,8.13143,1.00,1.00
2017.11.03 06:04:40.424,8.12934,8.13147,1.00,1.00
2017.11.03 06:04:43.518,8.12934,8.13148,1.00,1.00
2017.11.03 06:04:51.875,8.12934,8.13154,1.00,1.00
2017.11.03 06:04:59.438,8.12934,8.13163,1.00,1.00
2017.11.03 06:05:00.902,8.12934,8.13167,1.00,1.00
2017.11.03 06:05:01.405,8.12934,8.13168,1.00,1.50
2017.11.03 06:05:01.456,8.12934,8.13165,1.00,1.00
2017.11.03 06:05:02.223,8.12934,8.13164,1.00,1.00
2017.11.03 06:05:03.965,8.12934,8.13153,1.00,1.00
2017.11.03 06:05:04.355,8.12934,8.13167,1.00,1.50
2017.11.03 06:05:07.369,8.12935,8.13167,1.00,1.00
2017.11.03 06:05:14.305,8.12934,8.13167,1.50,1.00
2017.11.03 06:05:15.690,8.12934,8.13175,1.50,1.00
2017.11.03 06:05:15.893,8.12937,8.13174,1.00,1.00
2017.11.03 06:05:16.403,8.12937,8.13175,1.00,1.00
2017.11.03 06:05:17.944,8.12937,8.13174,1.00,1.00
2017.11.03 06:05:18.369,8.12937,8.13172,1.00,1.00
2017.11.03 06:05:19.909,8.12939,8.13172,1.00,1.00
2017.11.03 06:05:20.011,8.12942,8.13178,1.00,1.00
2017.11.03 06:05:20.693,8.12939,8.13178,1.00,1.00
2017.11.03 06:05:20.744,8.12939,8.13182,1.00,1.00
2017.11.03 06:05:21.212,8.12943,8.13182,1.00,1.00
2017.11.03 06:05:21.527,8.12965,8.13181,1.00,1.00
2017.11.03 06:05:21.579,8.12962,8.13182,1.00,1.00
2017.11.03 06:05:21.662,8.12974,8.13182,1.00,1.00
2017.11.03 06:05:22.197,8.12974,8.13181,1.00,1.00
2017.11.03 06:05:22.451,8.12944,8.13177,1.00,1.00
2017.11.03 06:05:24.383,8.12944,8.13173,1.00,1.00
2017.11.03 06:05:24.702,8.12944,8.13169,1.00,1.00
2017.11.03 06:05:27.926,8.12944,8.13175,1.00,1.00
2017.11.03 06:05:29.303,8.12944,8.13178,1.00,1.00
2017.11.03 06:05:45.046,8.12944,8.13182,1.00,1.00
2017.11.03 06:05:52.460,8.12944,8.13176,1.00,1.00
2017.11.03 06:05:55.013,8.12944,8.1316,1.00,1.00
2017.11.03 06:05:55.065,8.12922,8.1315,1.50,1.00
2017.11.03 06:05:57.006,8.12922,8.13158,1.00,1.00
2017.11.03 06:05:57.057,8.12922,8.1316,1.00,1.00
2017.11.03 06:05:57.230,8.12927,8.13172,1.00,2.25
2017.11.03 06:05:57.491,8.12944,8.13172,1.00,1.50
2017.11.03 06:06:01.790,8.12944,8.1316,1.00,1.00
2017.11.03 06:06:02.140,8.12902,8.13135,1.00,1.00
2017.11.03 06:06:02.192,8.12898,8.13134,1.00,1.00
2017.11.03 06:06:02.293,8.12881,8.13116,1.00,1.00
2017.11.03 06:06:02.603,8.12852,8.13088,1.00,1.00
2017.11.03 06:06:03.805,8.12852,8.13085,1.00,1.00
2017.11.03 06:06:04.320,8.12875,8.13085,1.00,1.00
2017.11.03 06:06:04.825,8.12875,8.13089,1.00,1.00
2017.11.03 06:06:05.368,8.12875,8.13088,1.00,1.50
2017.11.03 06:06:06.930,8.12875,8.13089,1.00,1.50
2017.11.03 06:06:07.539,8.12875,8.13088,1.00,1.00
2017.11.03 06:06:12.238,8.12875,8.13089,1.00,1.00
2017.11.03 06:06:12.789,8.12875,8.13088,1.00,1.00
2017.11.03 06:06:13.335,8.12875,8.13089,1.00,1.00
2017.11.03 06:06:14.040,8.12875,8.13088,1.00,1.00
2017.11.03 06:06:15.240,8.12875,8.13089,1.00,1.00
2017.11.03 06:06:16.024,8.12875,8.13088,1.00,1.00
2017.11.03 06:06:16.683,8.12875,8.13089,1.00,1.00
2017.11.03 06:06:18.182,8.12875,8.13088,1.00,1.00
2017.11.03 06:06:18.467,8.12875,8.13096,1.00,1.00
2017.11.03 06:06:20.042,8.12875,8.1309,1.00,1.00
2017.11.03 06:06:30.040,8.12875,8.13093,1.00,1.00
2017.11.03 06:06:38.998,8.12875,8.13095,1.00,1.00
2017.11.03 06:06:44.453,8.12875,8.13093,1.00,1.00
2017.11.03 06:06:59.483,8.12875,8.13089,1.00,1.00
2017.11.03 06:07:04.125,8.12853,8.13089,1.00,1.00
2017.11.03 06:07:14.513,8.12853,8.13093,1.00,1.00
2017.11.03 06:07:15.125,8.12853,8.13094,1.00,1.00
2017.11.03 06:07:20.043,8.12853,8.13095,1.00,1.00
2017.11.03 06:07:22.028,8.12853,8.13097,1.00,1.00
2017.11.03 06:07:22.553,8.12852,8.13097,1.00,1.00
2017.11.03 06:07:27.609,8.12855,8.13099,1.00,1.00
2017.11.03 06:07:28.094,8.1286,8.13099,1.00,1.00
2017.11.03 06:07:28.196,8.12855,8.13099,1.00,1.00
2017.11.03 06:07:28.395,8.12852,8.13099,1.00,1.00
2017.11.03 06:07:29.589,8.12853,8.13099,1.00,1.00
2017.11.03 06:07:30.044,8.12853,8.13102,1.00,1.00
2017.11.03 06:07:30.154,8.12854,8.131,1.00,1.00
2017.11.03 06:07:32.007,8.1286,8.13105,1.00,1.50
2017.11.03 06:07:32.404,8.12864,8.13105,1.00,1.00
2017.11.03 06:07:32.671,8.12861,8.13106,1.44,1.00
2017.11.03 06:07:32.723,8.12868,8.13106,1.00,1.00
2017.11.03 06:07:32.988,8.12861,8.13106,1.00,1.00
2017.11.03 06:07:34.007,8.12857,8.13106,1.00,1.50
2017.11.03 06:07:35.481,8.12852,8.13101,1.50,1.00
2017.11.03 06:07:37.601,8.12852,8.13096,1.00,1.00
2017.11.03 06:07:38.274,8.12852,8.13095,1.00,1.00
2017.11.03 06:07:45.232,8.12852,8.13097,1.00,1.00
2017.11.03 06:07:46.713,8.12852,8.13093,1.00,1.00
2017.11.03 06:07:47.153,8.12852,8.13091,1.00,1.00
2017.11.03 06:07:47.479,8.12854,8.13073,1.00,1.00
2017.11.03 06:07:47.813,8.12854,8.13068,1.00,1.00
2017.11.03 06:07:52.088,8.12854,8.1307,1.00,1.00
2017.11.03 06:07:52.737,8.12854,8.13071,1.00,1.00
2017.11.03 06:07:57.834,8.12854,8.13076,1.00,1.00
2017.11.03 06:07:57.988,8.12854,8.13069,1.00,1.00
2017.11.03 06:08:00.215,8.12854,8.13068,1.00,1.00
2017.11.03 06:08:06.583,8.12854,8.13066,1.00,1.00
2017.11.03 06:08:07.729,8.12854,8.13061,1.00,1.00
2017.11.03 06:08:25.825,8.12854,8.13059,1.00,1.00
2017.11.03 06:08:47.269,8.12822,8.13059,1.00,1.00
2017.11.03 06:08:52.952,8.12816,8.13059,1.00,1.00
2017.11.03 06:08:53.005,8.1279,8.12998,1.00,1.00
2017.11.03 06:08:53.056,8.1279,8.13007,1.00,1.00
2017.11.03 06:08:53.107,8.12766,8.12996,1.00,1.00
2017.11.03 06:08:53.159,8.12761,8.12996,1.00,1.00
2017.11.03 06:08:53.211,8.12763,8.12996,1.50,1.00
2017.11.03 06:08:53.516,8.12834,8.13045,1.00,1.00
2017.11.03 06:08:53.790,8.12847,8.13079,1.00,1.00
2017.11.03 06:08:53.943,8.12847,8.13086,1.00,1.00
2017.11.03 06:08:54.096,8.12853,8.13086,1.00,1.00
2017.11.03 06:08:54.779,8.12875,8.13086,1.00,1.00
2017.11.03 06:08:57.640,8.12875,8.13076,1.00,1.00
2017.11.03 06:08:57.692,8.12854,8.13079,1.00,1.00
2017.11.03 06:08:57.743,8.12854,8.13072,1.00,1.00
2017.11.03 06:08:58.656,8.12854,8.13083,1.00,1.00
2017.11.03 06:09:01.037,8.12854,8.13086,1.00,1.00
2017.11.03 06:09:05.028,8.12873,8.13081,1.00,1.00
2017.11.03 06:09:08.243,8.12873,8.13094,1.00,1.00
2017.11.03 06:09:10.471,8.12873,8.13092,1.00,1.00
2017.11.03 06:09:10.887,8.12873,8.13094,1.00,1.00
2017.11.03 06:09:20.045,8.12873,8.13097,1.00,1.00
2017.11.03 06:09:20.198,8.12896,8.13097,1.00,1.00
2017.11.03 06:09:20.249,8.12896,8.131,1.00,1.00
2017.11.03 06:09:20.301,8.12896,8.13109,1.00,1.00
2017.11.03 06:09:20.597,8.12896,8.13104,1.00,1.00
2017.11.03 06:09:20.902,8.12896,8.131,1.00,1.00
2017.11.03 06:09:21.130,8.12896,8.13104,1.00,1.00
2017.11.03 06:09:21.847,8.12896,8.13109,1.00,1.00
2017.11.03 06:09:22.790,8.12896,8.1311,1.00,1.00
2017.11.03 06:09:25.069,8.12896,8.13109,1.00,1.00
2017.11.03 06:09:25.620,8.12896,8.1311,1.00,1.00
2017.11.03 06:09:37.350,8.12896,8.13109,1.00,1.00
2017.11.03 06:09:37.909,8.12896,8.1311,1.00,1.00
2017.11.03 06:09:38.429,8.12896,8.13114,1.00,1.00
2017.11.03 06:09:46.701,8.12921,8.13114,1.00,1.00
2017.11.03 06:09:46.752,8.12907,8.13114,1.00,1.00
2017.11.03 06:09:46.803,8.12915,8.13128,1.00,1.00
2017.11.03 06:09:46.854,8.12915,8.13138,1.00,1.00
2017.11.03 06:09:47.007,8.12922,8.13138,1.00,1.00
2017.11.03 06:09:47.109,8.12922,8.13156,1.00,1.00
2017.11.03 06:09:47.899,8.12948,8.13156,1.00,1.00
2017.11.03 06:09:50.860,8.12948,8.13158,1.00,1.00
2017.11.03 06:09:51.835,8.12948,8.13162,1.00,1.00
2017.11.03 06:10:01.907,8.12948,8.1317,1.00,1.00
2017.11.03 06:10:07.361,8.12948,8.13168,1.00,1.00
2017.11.03 06:10:07.948,8.12948,8.1317,1.00,1.00
2017.11.03 06:10:09.779,8.12948,8.1317,1.00,1.52
2017.11.03 06:10:11.127,8.12948,8.1317,1.00,1.00
2017.11.03 06:10:11.178,8.12965,8.1317,1.00,1.00
2017.11.03 06:10:11.229,8.12965,8.13186,1.00,1.52
2017.11.03 06:10:12.653,8.12965,8.13186,1.00,1.00
2017.11.03 06:10:25.053,8.12965,8.13189,1.00,1.00
2017.11.03 06:10:27.088,8.1299,8.1319,1.00,1.00
2017.11.03 06:10:27.241,8.1299,8.13202,1.00,1.00
2017.11.03 06:10:27.293,8.1299,8.13198,1.00,1.00
2017.11.03 06:10:27.344,8.1299,8.13202,1.00,1.50
2017.11.03 06:10:27.446,8.1299,8.1319,1.00,1.00
2017.11.03 06:10:29.587,8.12965,8.13181,1.00,1.00
2017.11.03 06:10:29.638,8.12952,8.13175,1.00,1.00
2017.11.03 06:10:29.689,8.12932,8.13163,1.50,1.27
2017.11.03 06:10:29.740,8.1295,8.13163,1.00,1.27
2017.11.03 06:10:30.067,8.1295,8.13159,1.00,1.00
2017.11.03 06:10:46.035,8.1295,8.13157,1.00,1.00
2017.11.03 06:10:46.086,8.12927,8.1315,1.00,1.00
2017.11.03 06:10:46.216,8.12927,8.13145,1.00,1.00
2017.11.03 06:10:52.294,8.12927,8.13137,1.00,1.00
2017.11.03 06:10:52.719,8.12927,8.13134,1.00,1.00
2017.11.03 06:10:54.086,8.12927,8.13134,1.00,1.52
2017.11.03 06:11:00.430,8.12902,8.13116,1.00,1.00
2017.11.03 06:11:00.481,8.12882,8.1311,1.00,1.00
2017.11.03 06:11:00.532,8.12866,8.13083,1.00,1.00
2017.11.03 06:11:00.634,8.12852,8.13073,1.00,1.00
2017.11.03 06:11:00.685,8.1283,8.13073,1.00,1.00
2017.11.03 06:11:00.736,8.1283,8.13056,1.00,1.00
2017.11.03 06:11:01.125,8.12837,8.13056,1.00,1.00
2017.11.03 06:11:02.078,8.12852,8.13056,1.00,1.00
2017.11.03 06:11:04.027,8.12852,8.13068,1.00,1.00
2017.11.03 06:11:08.511,8.12852,8.13079,1.00,2.77
2017.11.03 06:11:08.562,8.12852,8.13072,1.00,1.00
2017.11.03 06:11:08.769,8.12852,8.13078,1.00,1.27
2017.11.03 06:11:08.973,8.12873,8.13089,1.00,1.27
2017.11.03 06:11:20.524,8.12873,8.13089,1.00,1.52
2017.11.03 06:11:21.545,8.12873,8.13092,1.00,1.00
2017.11.03 06:11:21.647,8.12874,8.13098,1.50,1.00
2017.11.03 06:11:21.750,8.12878,8.13098,1.00,1.00
2017.11.03 06:11:21.959,8.12884,8.13116,1.00,1.00
2017.11.03 06:11:22.010,8.12884,8.13118,1.00,1.00
2017.11.03 06:11:22.466,8.12884,8.13128,1.00,1.00
2017.11.03 06:11:22.517,8.12898,8.13138,1.00,1.00
2017.11.03 06:11:22.568,8.12898,8.13142,1.50,1.00
2017.11.03 06:11:22.619,8.12912,8.13142,1.00,1.00
2017.11.03 06:11:22.957,8.12916,8.13147,1.00,1.19
2017.11.03 06:11:23.546,8.12939,8.13147,1.00,1.19
2017.11.03 06:11:24.252,8.12939,8.13159,1.00,1.19
2017.11.03 06:11:25.706,8.12939,8.13159,1.00,1.00
2017.11.03 06:11:29.185,8.12939,8.13159,1.00,1.52
2017.11.03 06:11:29.937,8.12929,8.13135,1.00,1.00
2017.11.03 06:11:29.989,8.12919,8.1313,1.00,1.00
2017.11.03 06:11:30.149,8.12919,8.13132,1.00,1.00
2017.11.03 06:11:30.664,8.12919,8.13129,1.00,1.00
2017.11.03 06:11:31.979,8.12919,8.13144,1.00,1.52
2017.11.03 06:11:32.148,8.12937,8.13144,1.00,1.00
2017.11.03 06:11:32.637,8.12937,8.13155,1.00,1.00
2017.11.03 06:11:33.801,8.12937,8.13145,1.00,1.50
2017.11.03 06:11:33.853,8.12917,8.13144,1.00,1.00
2017.11.03 06:11:33.904,8.12917,8.13139,1.00,1.00
2017.11.03 06:11:34.267,8.12917,8.13135,1.00,1.00
2017.11.03 06:11:35.152,8.12917,8.13131,1.00,1.00
2017.11.03 06:11:41.742,8.12917,8.13129,1.00,1.00
2017.11.03 06:11:42.143,8.12917,8.1314,1.00,1.00
2017.11.03 06:11:42.245,8.12917,8.13143,1.00,1.00
2017.11.03 06:11:42.296,8.12917,8.1314,1.00,1.00
2017.11.03 06:11:45.022,8.12917,8.13143,1.00,1.00
2017.11.03 06:11:45.179,8.12917,8.13159,1.00,2.02
2017.11.03 06:11:45.544,8.12921,8.13159,1.00,1.52
2017.11.03 06:11:46.035,8.12943,8.13159,1.00,1.52
2017.11.03 06:11:46.818,8.12943,8.13159,1.00,1.00
2017.11.03 06:11:49.401,8.12943,8.13163,1.00,1.50
2017.11.03 06:11:54.591,8.12943,8.13162,1.00,1.00
2017.11.03 06:11:55.405,8.12943,8.13163,1.00,1.50
2017.11.03 06:11:58.481,8.12943,8.13162,1.00,1.00
2017.11.03 06:12:00.163,8.12943,8.13145,1.00,1.00
2017.11.03 06:12:00.214,8.12912,8.13137,1.00,1.00
2017.11.03 06:12:00.265,8.12902,8.13137,1.00,1.00
2017.11.03 06:12:00.614,8.12914,8.13137,1.00,1.00
2017.11.03 06:12:02.083,8.12914,8.13133,1.00,1.00
2017.11.03 06:12:03.827,8.12914,8.13154,1.00,1.52
2017.11.03 06:12:03.879,8.12914,8.13153,1.00,1.00
2017.11.03 06:12:04.481,8.12914,8.13156,1.00,1.00
2017.11.03 06:12:04.633,8.12922,8.13156,1.00,1.00
2017.11.03 06:12:05.318,8.12938,8.13156,1.00,1.00
2017.11.03 06:12:05.726,8.12938,8.13167,1.00,1.00
2017.11.03 06:12:06.334,8.12939,8.13177,1.00,1.00
2017.11.03 06:12:06.385,8.12932,8.13178,1.50,1.00
2017.11.03 06:12:06.690,8.12958,8.13177,1.00,1.00
2017.11.03 06:12:07.224,8.12958,8.13178,1.00,1.00
2017.11.03 06:12:08.231,8.12958,8.13176,1.00,1.00
2017.11.03 06:12:09.439,8.12958,8.1317,1.00,1.00
2017.11.03 06:12:09.930,8.12958,8.13166,1.00,1.00
2017.11.03 06:12:09.981,8.12958,8.13171,1.00,2.02
2017.11.03 06:12:11.710,8.12958,8.13171,1.00,1.00
2017.11.03 06:12:12.127,8.12958,8.13168,1.00,1.00
2017.11.03 06:12:15.726,8.12958,8.13167,1.00,1.00
2017.11.03 06:12:17.599,8.12958,8.13171,1.00,1.00
2017.11.03 06:12:18.540,8.12958,8.1317,1.00,1.00
2017.11.03 06:12:18.677,8.12958,8.13168,1.00,1.00
2017.11.03 06:12:18.843,8.12958,8.13171,1.00,1.50
2017.11.03 06:12:18.894,8.12958,8.13181,1.00,1.52
2017.11.03 06:12:19.042,8.12958,8.13181,1.00,1.00
2017.11.03 06:12:19.246,8.12958,8.13193,1.00,1.52
2017.11.03 06:12:20.019,8.12972,8.13193,1.00,1.52
2017.11.03 06:12:20.441,8.12981,8.13193,1.00,1.52
2017.11.03 06:12:20.981,8.12982,8.13193,1.00,1.52
2017.11.03 06:12:21.859,8.12981,8.13193,1.00,1.52
2017.11.03 06:12:23.241,8.12981,8.13193,1.00,1.00
2017.11.03 06:12:25.553,8.12981,8.13205,1.00,1.00
2017.11.03 06:12:25.967,8.12988,8.13205,1.00,1.00
2017.11.03 06:12:26.340,8.12988,8.13213,1.00,1.00
2017.11.03 06:12:26.391,8.12981,8.13213,1.00,1.50
2017.11.03 06:12:26.594,8.12981,8.132,1.00,1.00
2017.11.03 06:12:27.137,8.12982,8.13212,1.00,1.00
2017.11.03 06:12:27.239,8.12993,8.13212,1.00,1.00
2017.11.03 06:12:27.349,8.12983,8.13212,1.00,1.00
2017.11.03 06:12:27.452,8.12992,8.13212,1.00,1.00
2017.11.03 06:12:27.774,8.12993,8.13223,1.00,1.00
2017.11.03 06:12:27.876,8.12993,8.13214,1.00,1.00
2017.11.03 06:12:27.978,8.12982,8.13206,1.00,1.00
2017.11.03 06:12:28.523,8.12981,8.13205,1.00,1.00
2017.11.03 06:12:28.830,8.12981,8.13217,1.00,1.00
2017.11.03 06:12:28.932,8.13,8.13218,1.00,1.27
2017.11.03 06:12:30.241,8.13,8.13227,1.00,1.00
2017.11.03 06:12:30.343,8.13,8.13235,1.00,1.52
2017.11.03 06:12:30.546,8.13,8.13234,1.00,1.52
2017.11.03 06:12:30.899,8.13,8.13218,1.00,1.00
2017.11.03 06:12:31.103,8.12982,8.13204,1.00,1.00
2017.11.03 06:12:33.587,8.12982,8.13211,1.00,1.52
2017.11.03 06:12:33.696,8.12982,8.13211,1.00,1.00
2017.11.03 06:12:33.748,8.12982,8.13208,1.00,1.00
2017.11.03 06:12:34.094,8.12982,8.13205,1.00,1.00
2017.11.03 06:12:34.603,8.12921,8.13133,1.00,1.00
2017.11.03 06:12:34.654,8.12895,8.13133,1.00,1.00
2017.11.03 06:12:34.705,8.12887,8.13133,1.19,1.00
2017.11.03 06:12:34.756,8.12883,8.13128,1.19,1.00
2017.11.03 06:12:34.808,8.12882,8.13121,1.50,1.00
2017.11.03 06:12:35.550,8.12872,8.13118,1.00,2.02
2017.11.03 06:12:35.602,8.12872,8.13107,1.00,1.00
2017.11.03 06:12:35.816,8.12862,8.13107,1.25,1.50
2017.11.03 06:12:36.586,8.12862,8.13106,1.00,1.00
2017.11.03 06:12:37.378,8.12883,8.13106,1.00,1.00
2017.11.03 06:12:37.711,8.12883,8.13103,1.00,1.00
2017.11.03 06:12:38.239,8.12883,8.13102,1.00,1.00
2017.11.03 06:12:38.649,8.12883,8.13096,1.00,1.00
2017.11.03 06:12:41.780,8.12883,8.131,1.00,1.00
2017.11.03 06:12:44.362,8.12883,8.13093,1.00,1.00
2017.11.03 06:12:44.667,8.12902,8.13093,1.00,1.00
2017.11.03 06:12:45.373,8.12902,8.13113,1.00,1.52
2017.11.03 06:12:45.424,8.12893,8.13113,1.00,1.00
2017.11.03 06:12:45.576,8.12917,8.13113,1.00,1.00
2017.11.03 06:12:55.105,8.12917,8.13104,1.00,1.00
2017.11.03 06:12:55.157,8.12872,8.13089,1.00,1.00
2017.11.03 06:12:55.210,8.12872,8.13079,1.00,1.00
2017.11.03 06:12:55.261,8.12862,8.13079,1.00,1.00
2017.11.03 06:12:55.312,8.12853,8.13079,1.00,1.50
2017.11.03 06:12:55.936,8.12853,8.13069,1.00,1.00
2017.11.03 06:12:56.266,8.12847,8.13069,1.00,1.00
2017.11.03 06:12:56.365,8.12869,8.13069,1.00,1.00
2017.11.03 06:12:58.816,8.12869,8.13081,1.00,1.52
2017.11.03 06:12:58.917,8.12896,8.13081,1.00,1.00
2017.11.03 06:12:58.968,8.12876,8.13094,1.00,1.00
2017.11.03 06:12:59.070,8.12882,8.13106,1.00,1.52
2017.11.03 06:12:59.649,8.12907,8.13109,1.00,1.52
2017.11.03 06:13:02.967,8.12886,8.13097,1.00,1.52
2017.11.03 06:13:06.735,8.12911,8.13099,1.00,1.00
2017.11.03 06:13:06.898,8.12911,8.13117,1.00,1.00
2017.11.03 06:13:07.514,8.12911,8.13127,1.00,1.00
2017.11.03 06:13:08.747,8.12911,8.13128,1.00,1.50
2017.11.03 06:13:09.039,8.12911,8.13123,1.00,1.00
2017.11.03 06:13:09.393,8.12911,8.13117,1.00,1.00
2017.11.03 06:13:10.356,8.12911,8.13114,1.00,1.00
2017.11.03 06:13:14.419,8.12911,8.13107,1.00,1.00
2017.11.03 06:13:18.044,8.12911,8.13116,1.00,1.52
2017.11.03 06:13:27.869,8.12911,8.13105,1.00,1.00
2017.11.03 06:13:32.030,8.12911,8.13111,1.00,1.52
2017.11.03 06:13:33.384,8.12911,8.13118,1.00,1.00
2017.11.03 06:13:34.110,8.12911,8.13118,1.00,1.52
2017.11.03 06:13:43.444,8.12911,8.13124,1.00,1.00
2017.11.03 06:13:43.672,8.12911,8.13127,1.00,1.52
2017.11.03 06:13:44.178,8.12933,8.13127,1.00,1.52
2017.11.03 06:13:44.229,8.1292,8.13139,1.00,1.52
2017.11.03 06:13:44.281,8.12922,8.13139,1.00,1.00
2017.11.03 06:13:44.382,8.12922,8.13143,1.00,1.52
2017.11.03 06:13:44.593,8.12946,8.13143,1.00,1.52
2017.11.03 06:13:45.008,8.12946,8.13143,1.00,1.52
2017.11.03 06:13:45.614,8.12903,8.1313,1.00,1.52
2017.11.03 06:13:45.666,8.12914,8.13125,1.00,1.52
2017.11.03 06:13:45.977,8.12882,8.13106,1.00,1.52
2017.11.03 06:13:46.159,8.12905,8.13106,1.00,2.02
2017.11.03 06:13:46.624,8.12882,8.13106,1.00,2.02
2017.11.03 06:13:46.675,8.12882,8.13098,1.00,1.00
2017.11.03 06:13:46.980,8.12871,8.13077,1.00,1.00
2017.11.03 06:13:47.606,8.12883,8.13077,1.00,1.00
2017.11.03 06:13:47.911,8.12853,8.13077,1.00,1.00
2017.11.03 06:13:48.179,8.12874,8.13077,1.00,1.00
2017.11.03 06:13:50.051,8.12874,8.13067,1.00,1.00
2017.11.03 06:13:55.832,8.12864,8.13077,1.00,1.52
2017.11.03 06:13:55.934,8.12865,8.13077,1.00,1.00
2017.11.03 06:13:55.985,8.12865,8.13097,1.00,1.00
2017.11.03 06:13:56.036,8.12865,8.13102,1.00,1.00
2017.11.03 06:13:56.087,8.12869,8.13102,1.00,1.00
2017.11.03 06:13:56.304,8.1288,8.13114,1.00,1.00
2017.11.03 06:13:57.168,8.12913,8.13114,1.00,1.00
2017.11.03 06:13:57.335,8.12895,8.13114,1.00,1.00
2017.11.03 06:13:57.775,8.12923,8.13114,1.00,1.00
2017.11.03 06:14:02.043,8.12923,8.1313,1.00,1.52
2017.11.03 06:14:03.383,8.12923,8.13138,1.00,2.02
2017.11.03 06:14:04.059,8.12923,8.13138,1.00,2.02
2017.11.03 06:14:06.009,8.12943,8.13137,1.00,1.52
2017.11.03 06:14:06.111,8.12943,8.13137,1.00,1.00
2017.11.03 06:14:06.750,8.12943,8.13138,1.00,1.00
2017.11.03 06:14:06.802,8.12943,8.13141,1.00,1.00
2017.11.03 06:14:09.672,8.12922,8.13141,1.00,1.00
2017.11.03 06:14:09.724,8.12903,8.13115,1.00,1.00
2017.11.03 06:14:10.341,8.12892,8.131,1.00,1.00
2017.11.03 06:14:10.803,8.12903,8.131,1.00,1.00
2017.11.03 06:14:11.509,8.12892,8.13088,1.00,1.00
2017.11.03 06:14:11.560,8.12876,8.13088,1.00,1.00
2017.11.03 06:14:11.662,8.12863,8.13064,1.00,1.00
2017.11.03 06:14:12.520,8.12851,8.13064,1.00,1.00
2017.11.03 06:14:12.924,8.12863,8.13064,1.00,1.00
2017.11.03 06:14:16.155,8.12863,8.13074,1.00,1.00
2017.11.03 06:14:16.643,8.12888,8.13074,1.00,1.00
2017.11.03 06:14:19.795,8.12888,8.13074,1.00,1.52
2017.11.03 06:14:37.693,8.12888,8.13076,1.00,1.00
2017.11.03 06:14:39.388,8.12888,8.13089,1.00,1.52
2017.11.03 06:14:39.441,8.12881,8.13103,1.00,1.52
2017.11.03 06:14:39.493,8.12909,8.13116,1.00,1.00
2017.11.03 06:14:39.647,8.12919,8.13141,1.00,1.52
2017.11.03 06:14:40.903,8.12934,8.13141,1.00,1.52
2017.11.03 06:14:42.098,8.12932,8.13153,1.00,1.52
2017.11.03 06:14:42.149,8.12933,8.13153,1.00,1.27
2017.11.03 06:14:42.328,8.12945,8.13168,1.00,1.52
2017.11.03 06:14:43.044,8.12963,8.13158,1.00,1.00
2017.11.03 06:14:43.095,8.12944,8.1316,1.00,1.52
2017.11.03 06:14:43.279,8.12944,8.13135,1.00,1.00
2017.11.03 06:14:43.819,8.12944,8.13135,1.00,1.52
2017.11.03 06:14:46.421,8.12944,8.13135,1.00,1.00
2017.11.03 06:14:50.619,8.12944,8.13142,1.00,1.52
2017.11.03 06:14:50.670,8.12944,8.13142,1.00,1.00
2017.11.03 06:15:00.867,8.12944,8.13157,1.00,2.02
2017.11.03 06:15:00.918,8.12944,8.13157,1.00,1.00
2017.11.03 06:15:01.295,8.12944,8.13144,1.00,1.00
2017.11.03 06:15:01.685,8.12922,8.13144,1.00,1.00
2017.11.03 06:15:01.736,8.12922,8.13144,1.00,1.52
2017.11.03 06:15:06.636,8.12922,8.13132,1.00,1.00
2017.11.03 06:15:12.464,8.12922,8.13143,1.00,1.00
2017.11.03 06:15:22.590,8.12922,8.13153,1.00,1.00
2017.11.03 06:15:24.237,8.12922,8.1314,1.00,1.52
2017.11.03 06:15:24.850,8.12922,8.13127,1.00,1.00
2017.11.03 06:15:37.125,8.12922,8.13139,1.00,1.52
2017.11.03 06:15:51.043,8.12922,8.13141,1.00,1.00
2017.11.03 06:16:00.109,8.12922,8.13144,1.00,1.00
2017.11.03 06:16:00.396,8.12922,8.13139,1.00,1.00
2017.11.03 06:16:00.719,8.12922,8.13131,1.00,1.00
2017.11.03 06:16:02.028,8.12913,8.13131,1.00,1.00
2017.11.03 06:16:04.131,8.12913,8.13144,1.00,1.50
2017.11.03 06:16:10.631,8.12919,8.13156,1.00,1.00
2017.11.03 06:16:16.205,8.1292,8.13156,1.00,1.00
2017.11.03 06:16:22.527,8.12924,8.13156,1.00,1.00
2017.11.03 06:16:22.861,8.12948,8.13168,1.00,1.00
2017.11.03 06:16:23.858,8.12948,8.13173,1.00,1.00
2017.11.03 06:16:24.582,8.12948,8.13172,1.00,1.00
2017.11.03 06:16:34.133,8.12948,8.13181,1.00,1.52
2017.11.03 06:16:34.184,8.12948,8.13181,1.00,1.00
2017.11.03 06:16:34.684,8.1297,8.13181,1.00,1.00
2017.11.03 06:16:34.735,8.1297,8.13195,1.00,2.02
2017.11.03 06:16:34.888,8.12962,8.13195,1.00,1.00
2017.11.03 06:16:34.990,8.12969,8.13195,1.00,1.00
2017.11.03 06:16:35.510,8.12984,8.13205,1.00,1.00
2017.11.03 06:16:37.688,8.12984,8.13193,1.00,1.00
2017.11.03 06:16:41.857,8.12984,8.13206,1.00,1.00
2017.11.03 06:16:43.030,8.12984,8.13207,1.00,1.27
2017.11.03 06:16:43.082,8.12984,8.13212,1.00,1.00
2017.11.03 06:16:43.186,8.12984,8.13221,1.50,1.52
2017.11.03 06:16:43.237,8.13007,8.13221,1.00,1.52
2017.11.03 06:16:49.617,8.13007,8.13241,1.00,2.02
2017.11.03 06:16:49.668,8.13027,8.13241,1.00,2.02
2017.11.03 06:16:49.720,8.13027,8.13241,1.00,1.00
2017.11.03 06:16:51.109,8.13027,8.13252,1.00,1.52
2017.11.03 06:16:54.922,8.13027,8.13242,1.00,1.00
2017.11.03 06:16:56.722,8.13027,8.13246,1.00,1.27
2017.11.03 06:16:57.231,8.13027,8.13244,1.00,1.00
2017.11.03 06:17:00.164,8.13027,8.13232,1.00,1.00
2017.11.03 06:17:00.266,8.12992,8.13208,1.00,1.00
2017.11.03 06:17:00.432,8.12962,8.13204,1.50,1.00
2017.11.03 06:17:01.297,8.12962,8.13202,1.50,1.00
2017.11.03 06:17:01.696,8.12979,8.13199,1.00,1.00
2017.11.03 06:17:06.665,8.12979,8.13204,1.00,1.00
2017.11.03 06:17:06.716,8.12979,8.13214,1.00,2.02
2017.11.03 06:17:06.767,8.12984,8.13214,1.00,1.00
2017.11.03 06:17:06.818,8.12988,8.13214,1.00,1.00
2017.11.03 06:17:06.920,8.13002,8.13235,1.00,1.00
2017.11.03 06:17:07.024,8.13003,8.1323,1.00,1.00
2017.11.03 06:17:07.607,8.13003,8.13225,1.00,2.02
2017.11.03 06:17:08.768,8.13003,8.13215,1.00,1.00
2017.11.03 06:17:09.855,8.13003,8.13219,1.00,1.00
2017.11.03 06:17:10.008,8.13003,8.13225,1.00,1.27
2017.11.03 06:17:10.957,8.13003,8.1322,1.00,1.00
2017.11.03 06:17:15.715,8.13003,8.13221,1.00,1.00
2017.11.03 06:17:18.653,8.13003,8.13217,1.00,1.00
2017.11.03 06:17:23.230,8.13003,8.13216,1.00,1.00
2017.11.03 06:17:24.925,8.13003,8.13219,1.00,1.00
2017.11.03 06:17:24.977,8.13003,8.13221,1.00,1.00
2017.11.03 06:17:25.080,8.13003,8.1323,1.00,1.52
2017.11.03 06:17:36.445,8.13003,8.13232,1.00,1.00
2017.11.03 06:17:38.870,8.13003,8.13235,1.00,1.00
2017.11.03 06:17:38.973,8.13003,8.13214,1.00,1.00
2017.11.03 06:17:39.076,8.12965,8.132,1.00,1.00
2017.11.03 06:17:39.127,8.12962,8.13192,1.00,1.00
2017.11.03 06:17:39.179,8.12952,8.13192,1.00,1.00
2017.11.03 06:17:39.281,8.12956,8.13192,1.00,1.00
2017.11.03 06:17:39.741,8.12976,8.13192,1.00,1.00
2017.11.03 06:17:42.225,8.1295,8.13179,1.00,1.00
2017.11.03 06:17:42.276,8.12936,8.13179,1.00,1.50
2017.11.03 06:17:42.328,8.12936,8.13175,1.00,1.00
2017.11.03 06:17:42.664,8.12895,8.13129,1.69,1.00
2017.11.03 06:17:44.053,8.12913,8.13129,1.00,1.00
2017.11.03 06:17:50.709,8.12913,8.13143,1.00,1.50
2017.11.03 06:17:50.761,8.12931,8.13143,1.00,1.00
2017.11.03 06:17:50.813,8.12922,8.13147,1.00,1.00
2017.11.03 06:17:51.219,8.12941,8.13147,1.00,1.00
2017.11.03 06:17:52.489,8.12941,8.13162,1.00,1.19
2017.11.03 06:17:58.479,8.12941,8.13162,1.00,1.19
2017.11.03 06:18:00.347,8.12941,8.13162,1.00,1.19
2017.11.03 06:18:12.876,8.12941,8.1317,1.00,1.71
2017.11.03 06:18:13.442,8.12941,8.1317,1.00,1.71
2017.11.03 06:18:18.456,8.12941,8.1317,1.00,2.21
2017.11.03 06:18:23.401,8.12941,8.13167,1.00,1.71
2017.11.03 06:18:29.428,8.12941,8.13155,1.00,1.00
2017.11.03 06:18:29.479,8.12921,8.13142,1.00,1.00
2017.11.03 06:18:29.530,8.12921,8.13137,1.00,1.00
2017.11.03 06:18:30.865,8.12921,8.13136,1.00,1.00
2017.11.03 06:18:31.477,8.12921,8.13135,1.00,1.00
2017.11.03 06:18:41.802,8.12921,8.13141,1.00,1.52
2017.11.03 06:18:41.904,8.12921,8.13146,1.00,1.00
2017.11.03 06:18:46.158,8.12921,8.13134,1.00,1.00
2017.11.03 06:19:00.058,8.12921,8.13142,1.00,1.00
2017.11.03 06:19:04.266,8.12921,8.13149,1.00,1.50
2017.11.03 06:19:04.468,8.1294,8.13167,1.00,1.00
2017.11.03 06:19:04.763,8.12928,8.13169,1.00,1.00
2017.11.03 06:19:05.116,8.12953,8.13169,1.00,1.50
2017.11.03 06:19:06.366,8.12953,8.13163,1.00,1.00
2017.11.03 06:19:06.417,8.12931,8.13157,1.00,1.00
2017.11.03 06:19:06.671,8.12931,8.13166,1.00,1.00
2017.11.03 06:19:08.441,8.12931,8.13168,1.00,1.00
2017.11.03 06:19:09.311,8.12931,8.13169,1.00,1.00
2017.11.03 06:19:10.242,8.12931,8.13168,1.00,1.00
2017.11.03 06:19:10.955,8.12931,8.13169,1.00,1.00
2017.11.03 06:19:12.142,8.12931,8.13168,1.00,1.00
2017.11.03 06:19:12.657,8.12931,8.13169,1.00,1.00
2017.11.03 06:19:14.963,8.12931,8.13168,1.00,1.00
2017.11.03 06:19:15.467,8.12931,8.13169,1.00,1.00
2017.11.03 06:19:16.288,8.12931,8.13168,1.00,1.00
2017.11.03 06:19:16.899,8.12931,8.13169,1.00,1.50
2017.11.03 06:19:18.270,8.12988,8.13168,1.00,1.00
2017.11.03 06:19:18.324,8.12979,8.13169,1.00,1.50
2017.11.03 06:19:18.477,8.12964,8.13169,1.00,1.50
2017.11.03 06:19:18.529,8.12962,8.13168,1.00,1.00
2017.11.03 06:19:18.580,8.12942,8.13169,1.00,1.50
2017.11.03 06:19:18.682,8.12932,8.13169,1.50,1.50
2017.11.03 06:19:19.921,8.12932,8.13164,1.00,1.00
2017.11.03 06:19:20.763,8.12932,8.13169,1.00,1.50
2017.11.03 06:19:24.080,8.12932,8.13174,1.00,1.00
2017.11.03 06:19:26.659,8.12932,8.13168,1.00,1.00
2017.11.03 06:19:27.067,8.12931,8.13166,1.00,1.00
2017.11.03 06:19:28.643,8.12931,8.13164,1.00,1.00
2017.11.03 06:19:28.876,8.12907,8.13143,1.00,1.00
2017.11.03 06:19:28.979,8.12915,8.13143,1.00,1.00
2017.11.03 06:19:29.475,8.12915,8.13138,1.00,1.00
2017.11.03 06:19:30.985,8.12915,8.13136,1.00,1.00
2017.11.03 06:19:31.597,8.12915,8.13137,1.00,1.00
2017.11.03 06:19:46.041,8.12915,8.13139,1.00,1.50
2017.11.03 06:19:47.918,8.12915,8.13137,1.00,1.00
2017.11.03 06:19:50.055,8.12915,8.13132,1.00,1.00
2017.11.03 06:20:00.082,8.12915,8.13136,1.00,1.50
2017.11.03 06:20:00.362,8.12915,8.1313,1.00,1.00
2017.11.03 06:20:00.728,8.12915,8.13122,1.00,1.00
2017.11.03 06:20:01.533,8.12915,8.13114,1.00,1.00
2017.11.03 06:20:01.588,8.12873,8.13108,1.00,1.00
2017.11.03 06:20:01.639,8.12866,8.13108,1.00,1.00
2017.11.03 06:20:01.794,8.12862,8.13108,1.50,1.00
2017.11.03 06:20:01.987,8.12882,8.13108,1.00,1.00
2017.11.03 06:20:11.778,8.12882,8.13117,1.00,1.27
2017.11.03 06:20:11.830,8.12904,8.13117,1.00,1.00
2017.11.03 06:20:11.932,8.1289,8.13118,1.00,1.00
2017.11.03 06:20:11.983,8.12908,8.13118,1.00,1.00
2017.11.03 06:20:12.641,8.12908,8.13128,1.00,1.00
2017.11.03 06:20:13.394,8.12908,8.13127,1.00,1.00
2017.11.03 06:20:13.877,8.12906,8.13147,1.00,1.00
2017.11.03 06:20:13.929,8.12907,8.13151,1.00,1.00
2017.11.03 06:20:13.981,8.12917,8.13152,1.00,1.00
2017.11.03 06:20:14.238,8.12918,8.13167,1.00,1.52
2017.11.03 06:20:14.290,8.12923,8.1317,1.00,1.52
2017.11.03 06:20:14.341,8.12923,8.1317,1.00,1.00
2017.11.03 06:20:14.494,8.12927,8.1317,1.00,1.00
2017.11.03 06:20:15.134,8.12949,8.1317,1.00,1.00
2017.11.03 06:20:25.135,8.12949,8.13175,1.00,1.00
2017.11.03 06:20:31.109,8.12949,8.13177,1.00,1.00
2017.11.03 06:20:35.058,8.12949,8.13178,1.00,2.02
2017.11.03 06:20:37.476,8.12949,8.13177,1.00,1.00
2017.11.03 06:20:39.286,8.12949,8.13178,1.00,1.27
2017.11.03 06:20:41.218,8.12949,8.13164,1.00,1.00
2017.11.03 06:20:41.269,8.1293,8.13164,1.00,1.00
2017.11.03 06:20:41.398,8.1293,8.13156,1.00,1.00
2017.11.03 06:20:46.556,8.1293,8.13152,1.00,1.00
2017.11.03 06:20:46.709,8.12903,8.13143,1.00,1.00
2017.11.03 06:20:46.761,8.12903,8.13132,1.00,1.00
2017.11.03 06:20:46.812,8.12893,8.13132,1.00,1.00
2017.11.03 06:20:47.031,8.12906,8.13132,1.00,1.00
2017.11.03 06:20:49.529,8.12906,8.13125,1.00,1.00
2017.11.03 06:20:49.681,8.12885,8.1312,1.00,1.00
2017.11.03 06:20:58.270,8.12885,8.13115,1.00,1.00
2017.11.03 06:21:01.169,8.12885,8.13121,1.00,1.00
2017.11.03 06:21:01.378,8.12885,8.1313,1.00,1.52
2017.11.03 06:21:15.060,8.12889,8.13128,1.00,1.27
2017.11.03 06:21:16.905,8.12905,8.13137,1.00,1.52
2017.11.03 06:21:23.229,8.12905,8.13138,1.00,1.00
2017.11.03 06:21:23.777,8.12905,8.1314,1.00,2.02
2017.11.03 06:21:33.778,8.12905,8.13137,1.00,1.00
2017.11.03 06:21:38.746,8.12905,8.13138,1.00,1.00
2017.11.03 06:21:44.122,8.12905,8.13124,1.00,1.00
2017.11.03 06:21:44.427,8.12905,8.1312,1.00,1.00
2017.11.03 06:21:53.781,8.12905,8.13118,1.00,1.00
2017.11.03 06:22:03.777,8.12905,8.13127,1.00,1.27
2017.11.03 06:22:06.280,8.12904,8.13127,1.00,1.00
2017.11.03 06:22:06.332,8.12904,8.13133,1.00,1.00
2017.11.03 06:22:06.442,8.12927,8.13137,1.00,1.00
2017.11.03 06:22:06.797,8.12937,8.13138,1.00,1.00
2017.11.03 06:22:08.461,8.12937,8.13167,1.00,1.00
2017.11.03 06:22:08.512,8.12952,8.13169,1.00,1.00
2017.11.03 06:22:16.493,8.12952,8.13188,1.00,1.00
2017.11.03 06:22:18.447,8.12952,8.13196,1.00,1.27
2017.11.03 06:22:20.062,8.12961,8.13196,1.00,1.27
2017.11.03 06:22:24.396,8.12961,8.13195,1.00,1.00
2017.11.03 06:22:24.974,8.12961,8.13194,1.00,1.00
2017.11.03 06:22:30.061,8.12957,8.13194,1.00,1.00
2017.11.03 06:22:30.904,8.12967,8.13198,1.00,1.00
2017.11.03 06:22:31.327,8.12972,8.13198,1.00,1.00
2017.11.03 06:22:31.984,8.12972,8.13197,1.00,1.00
2017.11.03 06:22:33.464,8.12972,8.13199,1.00,1.00
2017.11.03 06:22:34.805,8.12967,8.13199,1.00,1.00
2017.11.03 06:22:38.915,8.12967,8.13197,1.00,1.00
2017.11.03 06:22:42.546,8.12967,8.13201,1.00,1.00
2017.11.03 06:22:44.173,8.12967,8.13197,1.00,1.00
2017.11.03 06:22:45.064,8.12969,8.13197,1.00,1.00
2017.11.03 06:22:46.379,8.12969,8.132,1.00,1.00
2017.11.03 06:22:53.896,8.12969,8.13203,1.00,1.00
2017.11.03 06:22:58.166,8.12969,8.13204,1.00,1.00
2017.11.03 06:23:01.409,8.12969,8.13201,1.00,1.00
2017.11.03 06:23:05.064,8.12967,8.13201,1.00,1.00
2017.11.03 06:23:06.513,8.12967,8.13198,1.00,1.00
2017.11.03 06:23:06.714,8.12967,8.13202,1.00,1.00
2017.11.03 06:23:09.535,8.12967,8.13204,1.00,1.00
2017.11.03 06:23:14.983,8.12972,8.13204,1.00,1.00
2017.11.03 06:23:16.439,8.12972,8.13201,1.00,1.00
2017.11.03 06:23:17.050,8.12972,8.132,1.00,1.00
2017.11.03 06:23:23.956,8.12972,8.13203,1.00,1.00
2017.11.03 06:23:31.065,8.12969,8.13203,1.00,1.00
2017.11.03 06:23:31.269,8.12972,8.13203,1.00,1.00
2017.11.03 06:23:31.570,8.12972,8.13199,1.00,1.00
2017.11.03 06:23:32.081,8.12972,8.13198,1.00,1.00
2017.11.03 06:23:32.183,8.12969,8.13198,1.00,1.00
2017.11.03 06:23:35.061,8.12966,8.13198,1.00,1.00
2017.11.03 06:23:37.414,8.12966,8.13191,1.00,1.00
2017.11.03 06:23:37.750,8.12966,8.13194,1.00,1.52
2017.11.03 06:23:42.176,8.12966,8.13187,1.00,1.00
2017.11.03 06:23:43.257,8.12952,8.13187,1.00,1.00
2017.11.03 06:23:47.130,8.12952,8.13185,1.00,1.00
2017.11.03 06:23:49.329,8.12952,8.13183,1.00,1.00
2017.11.03 06:23:49.812,8.12952,8.13179,1.00,1.00
2017.11.03 06:23:50.471,8.12952,8.13179,1.00,1.52
2017.11.03 06:23:50.802,8.12954,8.13188,1.00,1.52
2017.11.03 06:23:56.455,8.12954,8.13188,1.00,1.27
2017.11.03 06:24:04.038,8.12962,8.13195,1.00,1.52
2017.11.03 06:24:04.413,8.12965,8.13198,1.00,2.02
2017.11.03 06:24:11.356,8.12965,8.13197,1.00,1.00
2017.11.03 06:24:11.860,8.12965,8.13197,1.00,2.02
2017.11.03 06:24:15.063,8.12969,8.13197,1.00,2.02
2017.11.03 06:24:24.066,8.12969,8.132,1.00,1.00
2017.11.03 06:24:24.921,8.12969,8.13201,1.00,1.00
2017.11.03 06:24:25.062,8.12974,8.13201,1.00,1.00
2017.11.03 06:24:32.240,8.12974,8.13204,1.00,1.00
2017.11.03 06:24:35.064,8.12973,8.13204,1.00,1.00
2017.11.03 06:24:45.061,8.12975,8.13204,1.00,1.00
2017.11.03 06:24:46.646,8.12975,8.13205,1.00,1.27
2017.11.03 06:24:55.061,8.12979,8.13205,1.00,1.27
2017.11.03 06:25:00.276,8.13002,8.13217,1.00,1.00
2017.11.03 06:25:00.328,8.13002,8.13229,1.00,1.00
2017.11.03 06:25:00.381,8.13014,8.13242,1.00,1.00
2017.11.03 06:25:00.433,8.13023,8.13243,1.00,1.00
2017.11.03 06:25:00.744,8.13037,8.13267,1.00,1.19
2017.11.03 06:25:01.049,8.13055,8.13268,1.00,1.19
2017.11.03 06:25:01.401,8.13077,8.13293,1.00,2.21
2017.11.03 06:25:01.503,8.13077,8.13293,1.00,2.02
2017.11.03 06:25:01.783,8.13077,8.13293,1.00,1.50
2017.11.03 06:25:03.894,8.13077,8.13292,1.00,1.50
2017.11.03 06:25:04.072,8.13089,8.13293,1.00,1.00
2017.11.03 06:25:04.123,8.13089,8.13317,1.00,2.02
2017.11.03 06:25:04.225,8.13089,8.13317,1.00,1.50
2017.11.03 06:25:04.731,8.13089,8.13318,1.00,1.00
2017.11.03 06:25:10.028,8.13089,8.13315,1.00,1.00
2017.11.03 06:25:10.385,8.13086,8.13303,1.00,1.00
2017.11.03 06:25:10.767,8.13086,8.13311,1.00,1.00
2017.11.03 06:25:12.248,8.13083,8.13311,1.00,1.00
2017.11.03 06:25:13.422,8.13082,8.13311,1.00,1.52
2017.11.03 06:25:13.545,8.13082,8.13311,1.00,1.00
2017.11.03 06:25:14.747,8.13082,8.13307,1.00,1.00
2017.11.03 06:25:16.730,8.13082,8.13303,1.00,1.00
2017.11.03 06:25:21.060,8.13082,8.13298,1.00,1.00
2017.11.03 06:25:24.638,8.13082,8.13297,1.00,1.00
2017.11.03 06:25:25.510,8.13083,8.13297,1.00,1.00
2017.11.03 06:25:26.309,8.13083,8.13298,1.00,1.00
2017.11.03 06:25:29.976,8.13083,8.13297,1.00,1.00
2017.11.03 06:25:39.267,8.13083,8.13298,1.00,1.00
2017.11.03 06:25:41.058,8.13083,8.13304,1.00,1.52
2017.11.03 06:25:47.488,8.13066,8.13308,1.00,2.77
2017.11.03 06:25:51.186,8.13066,8.13306,1.00,1.52
2017.11.03 06:25:53.819,8.13066,8.13285,1.00,1.52
2017.11.03 06:25:53.921,8.13053,8.13281,1.00,1.52
2017.11.03 06:25:54.452,8.13042,8.13278,1.50,1.00
2017.11.03 06:25:55.125,8.13042,8.13279,1.50,1.27
2017.11.03 06:25:55.272,8.13042,8.13279,1.50,1.52
2017.11.03 06:26:01.059,8.13043,8.13278,1.00,1.52
2017.11.03 06:26:01.727,8.13042,8.13282,1.50,1.52
2017.11.03 06:26:02.433,8.13043,8.13282,1.00,1.52
2017.11.03 06:26:02.771,8.13043,8.13282,1.00,1.00
2017.11.03 06:26:02.822,8.13052,8.13282,1.00,1.00
2017.11.03 06:26:09.948,8.13052,8.13276,1.00,1.00
2017.11.03 06:26:10.049,8.13042,8.13271,1.00,1.00
2017.11.03 06:26:11.662,8.13029,8.13252,1.00,1.00
2017.11.03 06:26:12.175,8.13029,8.13249,1.00,1.00
2017.11.03 06:26:12.226,8.13018,8.13249,1.00,1.00
2017.11.03 06:26:13.149,8.13015,8.13249,1.00,1.00
2017.11.03 06:26:13.791,8.13015,8.13245,1.00,1.00
2017.11.03 06:26:14.354,8.13015,8.13245,1.00,1.52
2017.11.03 06:26:18.971,8.13015,8.13245,1.00,1.00
2017.11.03 06:26:21.594,8.13015,8.13245,1.00,1.52
2017.11.03 06:26:31.549,8.13015,8.13246,1.00,1.00
2017.11.03 06:26:32.334,8.13015,8.13247,1.00,1.50
2017.11.03 06:26:33.343,8.13015,8.13248,1.00,1.00
2017.11.03 06:26:33.394,8.13022,8.13248,1.00,1.00
2017.11.03 06:26:41.060,8.13022,8.13253,1.00,1.00
2017.11.03 06:26:45.075,8.13022,8.13256,1.00,1.50
2017.11.03 06:26:45.553,8.13022,8.13256,1.00,2.02
2017.11.03 06:26:48.539,8.13022,8.13256,1.00,1.00
2017.11.03 06:26:52.260,8.13022,8.13256,1.00,1.52
2017.11.03 06:26:55.035,8.13022,8.13248,1.00,1.00
2017.11.03 06:26:59.061,8.13022,8.13248,1.00,1.52
2017.11.03 06:27:01.865,8.13022,8.13248,1.00,2.02
2017.11.03 06:27:02.503,8.13022,8.13247,1.00,1.00
2017.11.03 06:27:03.187,8.13022,8.13248,1.00,1.27
2017.11.03 06:27:04.476,8.13022,8.13248,1.00,1.52
2017.11.03 06:27:15.182,8.13022,8.13248,1.00,1.00
2017.11.03 06:27:18.095,8.13022,8.1324,1.00,1.27
2017.11.03 06:27:18.197,8.13002,8.13237,1.00,1.00
2017.11.03 06:27:18.248,8.12992,8.13237,1.00,1.00
2017.11.03 06:27:18.723,8.12992,8.13237,1.00,1.52
2017.11.03 06:27:19.639,8.13002,8.13242,1.00,1.52
2017.11.03 06:27:27.864,8.13,8.13241,1.50,1.52
2017.11.03 06:27:30.271,8.13002,8.13241,1.00,1.52
2017.11.03 06:27:31.028,8.13,8.13241,1.00,1.52
2017.11.03 06:27:31.348,8.12998,8.13241,1.00,1.52
2017.11.03 06:27:33.250,8.12998,8.13234,1.00,1.52
2017.11.03 06:27:33.352,8.12992,8.13233,1.00,2.02
2017.11.03 06:27:47.447,8.12996,8.13218,1.00,1.00
2017.11.03 06:27:48.027,8.12999,8.13218,1.00,1.00
2017.11.03 06:27:48.342,8.13002,8.13218,1.00,1.00
2017.11.03 06:27:51.058,8.13002,8.13232,1.00,1.00
2017.11.03 06:27:51.658,8.13002,8.13233,1.00,1.00
2017.11.03 06:27:52.608,8.13007,8.13232,1.00,1.00
2017.11.03 06:27:54.071,8.13007,8.13233,1.00,1.00
2017.11.03 06:27:54.122,8.13007,8.13238,1.00,1.52
2017.11.03 06:28:04.051,8.13002,8.13241,1.00,1.52
2017.11.03 06:28:41.198,8.13002,8.1324,1.00,1.52
2017.11.03 06:28:50.441,8.13022,8.13245,1.00,1.52
2017.11.03 06:28:50.542,8.13022,8.13248,1.00,1.00
2017.11.03 06:28:50.753,8.13028,8.13248,1.00,1.00
2017.11.03 06:28:51.060,8.13028,8.13253,1.00,1.00
2017.11.03 06:28:54.072,8.13028,8.13256,1.00,1.00
2017.11.03 06:28:58.483,8.13028,8.13266,1.00,1.52
2017.11.03 06:29:00.521,8.13022,8.13259,1.00,1.52
2017.11.03 06:29:25.287,8.13022,8.13256,1.00,1.00
2017.11.03 06:29:32.190,8.13022,8.13258,1.00,2.02
2017.11.03 06:29:40.333,8.13022,8.13256,1.00,1.00
2017.11.03 06:29:44.099,8.13022,8.13245,1.00,1.00
2017.11.03 06:29:49.166,8.13022,8.13245,1.00,1.52
2017.11.03 06:29:49.634,8.13022,8.13236,1.00,1.00
2017.11.03 06:29:51.145,8.13022,8.13236,1.00,1.52
2017.11.03 06:29:55.147,8.13022,8.13223,1.00,1.00
2017.11.03 06:29:55.198,8.13011,8.13214,1.00,1.00
2017.11.03 06:29:55.249,8.12992,8.13218,1.00,1.52
2017.11.03 06:29:55.301,8.12991,8.13211,1.00,1.00
2017.11.03 06:29:55.529,8.12985,8.13211,1.00,1.00
2017.11.03 06:29:56.897,8.12985,8.13211,1.00,1.52
2017.11.03 06:29:57.232,8.12985,8.13194,1.00,1.00
2017.11.03 06:29:57.590,8.12985,8.13196,1.00,1.00
2017.11.03 06:29:59.212,8.12985,8.1318,1.00,1.00
2017.11.03 06:30:00.112,8.13005,8.13155,1.00,1.00
2017.11.03 06:30:00.437,8.13025,8.13135,1.00,1.00
2017.11.03 06:30:00.955,8.13046,8.13149,1.00,1.00
2017.11.03 06:30:19.747,8.1306,8.13163,1.00,1.00
2017.11.03 06:30:38.479,8.13055,8.13158,1.00,1.00
2017.11.03 06:30:42.899,8.13072,8.13175,1.00,1.00
2017.11.03 06:30:43.126,8.13058,8.13162,1.00,1.00
2017.11.03 06:30:58.424,8.13064,8.13168,1.00,1.00
2017.11.03 06:31:00.227,8.13078,8.13181,1.00,1.00
2017.11.03 06:31:04.028,8.13092,8.13195,1.00,1.00
2017.11.03 06:31:09.046,8.1312,8.13223,1.00,1.00
2017.11.03 06:31:09.359,8.13141,8.13244,1.00,1.00
2017.11.03 06:31:09.665,8.13183,8.13286,1.00,1.00
2017.11.03 06:31:10.538,8.13197,8.133,1.00,1.00
2017.11.03 06:31:10.640,8.13217,8.13321,1.00,1.00
2017.11.03 06:31:11.939,8.13245,8.13349,1.00,1.00
2017.11.03 06:31:12.773,8.13259,8.13363,1.00,1.00
2017.11.03 06:31:13.090,8.13239,8.13341,1.00,1.00
2017.11.03 06:31:14.584,8.13252,8.13356,1.00,1.00
2017.11.03 06:31:15.454,8.13238,8.13342,1.00,1.00
2017.11.03 06:31:18.833,8.1325,8.13353,1.00,1.00
2017.11.03 06:31:19.055,8.13232,8.13336,1.00,1.00
2017.11.03 06:31:28.943,8.13218,8.13322,1.00,1.00
2017.11.03 06:31:29.248,8.13163,8.13266,1.00,1.00
2017.11.03 06:31:40.858,8.13177,8.1328,1.00,1.00
2017.11.03 06:31:41.892,8.13158,8.13262,1.00,1.00
2017.11.03 06:31:41.994,8.13143,8.13246,1.00,1.00
2017.11.03 06:31:42.096,8.1313,8.13234,1.00,1.00
2017.11.03 06:31:42.350,8.13112,8.13216,1.00,1.00
2017.11.03 06:31:43.507,8.13087,8.13191,1.00,1.00
2017.11.03 06:31:43.811,8.13075,8.13179,1.00,1.00
2017.11.03 06:31:44.115,8.13045,8.13149,1.00,1.00
2017.11.03 06:31:50.816,8.1308,8.13183,1.00,1.00
2017.11.03 06:31:51.452,8.13066,8.1317,1.00,1.00
2017.11.03 06:31:59.936,8.1308,8.13183,1.00,1.00
2017.11.03 06:32:00.290,8.13063,8.13166,1.00,1.00
2017.11.03 06:32:00.731,8.13042,8.13145,1.00,1.00
2017.11.03 06:32:02.907,8.13028,8.13131,1.00,1.00
2017.11.03 06:32:03.467,8.13015,8.13118,1.00,1.00
2017.11.03 06:32:09.923,8.13038,8.13141,1.00,1.00
2017.11.03 06:32:11.100,8.13024,8.13127,1.00,1.00
2017.11.03 06:32:24.337,8.13011,8.13114,1.00,1.00
2017.11.03 06:32:25.706,8.13001,8.13102,1.00,1.00
2017.11.03 06:32:38.801,8.12989,8.13092,1.00,1.00
2017.11.03 06:32:58.473,8.12983,8.13086,1.00,1.00
2017.11.03 06:33:05.061,8.12999,8.13103,1.00,1.00
2017.11.03 06:33:08.781,8.13013,8.13117,1.00,1.00
2017.11.03 06:33:09.704,8.13027,8.1313,1.00,1.00
2017.11.03 06:33:10.021,8.13041,8.13144,1.00,1.00
2017.11.03 06:33:11.018,8.1302,8.13124,1.00,1.00
2017.11.03 06:33:38.173,8.13034,8.13136,1.00,1.00
2017.11.03 06:33:38.737,8.13019,8.13123,1.00,1.00
2017.11.03 06:33:54.860,8.13008,8.13112,1.00,1.00
2017.11.03 06:33:59.200,8.12988,8.13091,1.00,1.00
2017.11.03 06:34:00.177,8.13006,8.13109,1.00,1.00
2017.11.03 06:34:00.229,8.13038,8.13142,1.00,1.00
2017.11.03 06:34:03.730,8.1305,8.13154,1.00,1.00
2017.11.03 06:34:07.151,8.13036,8.1314,1.00,1.00
2017.11.03 06:34:07.523,8.13027,8.13128,1.00,1.00
2017.11.03 06:34:22.878,8.13017,8.1312,1.00,1.00
2017.11.03 06:34:28.704,8.12998,8.13102,1.00,1.00
2017.11.03 06:34:28.805,8.13017,8.13119,1.00,1.00
2017.11.03 06:34:33.349,8.1303,8.13134,1.00,1.00
2017.11.03 06:34:38.588,8.13051,8.13155,1.00,1.00
2017.11.03 06:34:58.492,8.13062,8.13166,1.00,1.00
2017.11.03 06:34:59.062,8.13048,8.13151,1.00,1.00
2017.11.03 06:34:59.367,8.13011,8.13114,1.00,1.00
2017.11.03 06:35:18.490,8.13004,8.13107,1.00,1.00
2017.11.03 06:35:26.199,8.13025,8.13126,1.00,1.00
2017.11.03 06:35:43.680,8.13031,8.13134,1.00,1.00
2017.11.03 06:35:46.891,8.13045,8.13148,1.00,1.00
2017.11.03 06:35:53.582,8.13059,8.13162,1.00,1.00
2017.11.03 06:35:54.956,8.13071,8.13174,1.00,1.00
2017.11.03 06:36:03.462,8.13043,8.13146,1.00,1.00
2017.11.03 06:36:04.025,8.13022,8.13125,1.00,1.00
2017.11.03 06:36:04.229,8.13001,8.13105,1.00,1.00
2017.11.03 06:36:04.728,8.12987,8.13091,1.00,1.00
2017.11.03 06:36:08.799,8.13002,8.13104,1.00,1.00
2017.11.03 06:36:08.953,8.13015,8.13118,1.00,1.00
2017.11.03 06:36:09.111,8.13036,8.13139,1.00,1.00
2017.11.03 06:36:14.745,8.1305,8.13153,1.00,1.00
2017.11.03 06:36:20.376,8.13029,8.13132,1.00,1.00
2017.11.03 06:36:20.696,8.13015,8.13118,1.00,1.00
2017.11.03 06:36:23.447,8.13026,8.1313,1.00,1.00
2017.11.03 06:36:26.361,8.12997,8.131,1.00,1.00
2017.11.03 06:36:28.341,8.13017,8.13121,1.00,1.00
2017.11.03 06:36:29.266,8.13032,8.13134,1.00,1.00
2017.11.03 06:36:30.042,8.13017,8.13121,1.00,1.00
2017.11.03 06:36:36.596,8.1299,8.13093,1.00,1.00
2017.11.03 06:36:43.018,8.13011,8.13113,1.00,1.00
2017.11.03 06:36:43.695,8.12999,8.13103,1.00,1.00
2017.11.03 06:36:53.253,8.1302,8.13124,1.00,1.00
2017.11.03 06:37:02.753,8.13006,8.13108,1.00,1.00
2017.11.03 06:37:02.906,8.12991,8.13095,1.00,1.00
2017.11.03 06:37:12.911,8.12979,8.13083,1.00,1.00
2017.11.03 06:37:31.079,8.12992,8.13096,1.00,1.00
2017.11.03 06:37:58.450,8.12985,8.13089,1.00,1.00
2017.11.03 06:38:05.735,8.12971,8.13075,1.00,1.00
2017.11.03 06:38:06.129,8.12944,8.13046,1.00,1.00
2017.11.03 06:38:08.196,8.12926,8.1303,1.00,1.00
2017.11.03 06:38:10.752,8.1295,8.13053,1.00,1.00
2017.11.03 06:38:18.445,8.12934,8.13036,1.00,1.00
2017.11.03 06:38:23.744,8.12945,8.13049,1.00,1.00
2017.11.03 06:38:39.051,8.12923,8.13026,1.00,1.00
2017.11.03 06:38:42.845,8.12937,8.1304,1.00,1.00
2017.11.03 06:38:43.151,8.12952,8.13053,1.00,1.00
2017.11.03 06:38:48.704,8.12968,8.13072,1.00,1.00
2017.11.03 06:39:01.049,8.12949,8.13053,1.00,1.00
2017.11.03 06:39:02.955,8.12936,8.13038,1.00,1.00
2017.11.03 06:39:03.057,8.12914,8.13018,1.00,1.00
2017.11.03 06:39:18.444,8.12912,8.13015,1.00,1.00
2017.11.03 06:39:19.696,8.12895,8.12999,1.00,1.00
2017.11.03 06:39:36.255,8.129,8.13003,1.00,1.00
2017.11.03 06:39:36.834,8.12889,8.12993,1.00,1.00
2017.11.03 06:39:58.479,8.12895,8.12999,1.00,1.00
2017.11.03 06:40:18.430,8.12884,8.12986,1.00,1.00
2017.11.03 06:40:38.427,8.12887,8.1299,1.00,1.00
2017.11.03 06:40:46.253,8.12858,8.12961,1.00,1.00
2017.11.03 06:41:03.697,8.12852,8.12955,1.00,1.00
2017.11.03 06:41:23.697,8.12853,8.12956,1.00,1.00
2017.11.03 06:41:43.646,8.12855,8.12956,1.00,1.00
2017.11.03 06:41:50.880,8.12865,8.12968,1.00,1.00
2017.11.03 06:42:02.418,8.12885,8.12989,1.00,1.00
2017.11.03 06:42:11.046,8.12873,8.12977,1.00,1.00
2017.11.03 06:42:23.646,8.12888,8.12991,1.00,1.00
2017.11.03 06:42:43.697,8.12898,8.13002,1.00,1.00
2017.11.03 06:42:52.645,8.1291,8.13014,1.00,1.00
2017.11.03 06:43:15.341,8.12928,8.13031,1.00,1.00
2017.11.03 06:43:15.646,8.12943,8.13044,1.00,1.00
2017.11.03 06:43:17.971,8.1296,8.13063,1.00,1.00
2017.11.03 06:43:21.589,8.12973,8.13076,1.00,1.00
2017.11.03 06:43:37.361,8.12994,8.13098,1.00,1.00
2017.11.03 06:43:37.464,8.13011,8.13112,1.00,1.00
2017.11.03 06:43:37.515,8.1302,8.13124,1.00,1.00
2017.11.03 06:43:51.747,8.13036,8.1314,1.00,1.00
2017.11.03 06:43:52.056,8.13013,8.13116,1.00,1.00
2017.11.03 06:44:18.478,8.13019,8.13122,1.00,1.00
2017.11.03 06:44:38.429,8.13027,8.13131,1.00,1.00
2017.11.03 06:44:42.214,8.13014,8.13117,1.00,1.00
2017.11.03 06:44:42.520,8.13001,8.13102,1.00,1.00
2017.11.03 06:44:45.869,8.12983,8.13085,1.00,1.00
2017.11.03 06:44:53.826,8.12967,8.13068,1.00,1.00
2017.11.03 06:45:13.276,8.12971,8.13075,1.00,1.00
2017.11.03 06:45:23.690,8.12982,8.13086,1.00,1.00
2017.11.03 06:46:03.690,8.12987,8.1309,1.00,1.00
2017.11.03 06:46:28.527,8.13002,8.13103,1.00,1.00
2017.11.03 06:46:43.640,8.12994,8.13097,1.00,1.00
2017.11.03 06:46:44.108,8.13022,8.13125,1.00,1.00
2017.11.03 06:46:44.514,8.13042,8.13146,1.00,1.00
2017.11.03 06:46:44.769,8.13057,8.13159,1.00,1.00
2017.11.03 06:46:45.423,8.13068,8.13171,1.00,1.00
2017.11.03 06:46:46.481,8.13057,8.13161,1.00,1.00
2017.11.03 06:47:03.692,8.13064,8.13166,1.00,1.00
2017.11.03 06:47:23.656,8.13057,8.13159,1.00,1.00
2017.11.03 06:47:24.099,8.13071,8.13173,1.00,1.00
2017.11.03 06:47:43.641,8.13064,8.13168,1.00,1.00
2017.11.03 06:47:58.437,8.13075,8.13178,1.00,1.00
2017.11.03 06:48:03.640,8.13064,8.13168,1.00,1.00
2017.11.03 06:48:04.575,8.13051,8.13153,1.00,1.00
2017.11.03 06:48:04.729,8.13036,8.1314,1.00,1.00
2017.11.03 06:48:07.927,8.13022,8.13126,1.00,1.00
2017.11.03 06:48:08.289,8.13001,8.13105,1.00,1.00
2017.11.03 06:48:23.640,8.12995,8.13099,1.00,1.00
2017.11.03 06:48:28.951,8.13044,8.13147,1.00,1.00
2017.11.03 06:48:58.421,8.13036,8.1314,1.00,1.00
2017.11.03 06:49:18.550,8.13038,8.1314,1.00,1.00
2017.11.03 06:49:25.912,8.13025,8.13127,1.00,1.00
2017.11.03 06:49:42.453,8.13038,8.13142,1.00,1.00
2017.11.03 06:49:42.555,8.13052,8.13156,1.00,1.00
2017.11.03 06:49:58.427,8.1306,8.13163,1.00,1.00
2017.11.03 06:50:18.432,8.13059,8.13163,1.00,1.00
2017.11.03 06:50:19.133,8.1308,8.13183,1.00,1.00
2017.11.03 06:50:22.254,8.13066,8.13169,1.00,1.00
2017.11.03 06:50:24.776,8.1308,8.13183,1.00,1.00
2017.11.03 06:50:24.879,8.13059,8.13163,1.00,1.00
2017.11.03 06:50:41.351,8.13045,8.13149,1.00,1.00
2017.11.03 06:50:47.212,8.13031,8.13135,1.00,1.00
2017.11.03 06:50:52.040,8.13017,8.13121,1.00,1.00
2017.11.03 06:50:55.222,8.12996,8.131,1.00,1.00
2017.11.03 06:51:18.432,8.12983,8.13085,1.00,1.00
2017.11.03 06:51:22.311,8.12997,8.13099,1.00,1.00
2017.11.03 06:51:22.363,8.1301,8.13114,1.00,1.00
2017.11.03 06:51:40.748,8.13024,8.13128,1.00,1.00
2017.11.03 06:51:46.543,8.13036,8.13139,1.00,1.00
2017.11.03 06:51:46.696,8.13049,8.13153,1.00,1.00
2017.11.03 06:52:00.341,8.1303,8.13131,1.00,1.00
2017.11.03 06:52:00.393,8.13015,8.13118,1.00,1.00
2017.11.03 06:52:10.559,8.13036,8.13139,1.00,1.00
2017.11.03 06:52:38.483,8.1304,8.13143,1.00,1.00
2017.11.03 06:52:45.422,8.1306,8.13163,1.00,1.00
2017.11.03 06:52:45.524,8.13085,8.13189,1.00,1.00
2017.11.03 06:52:45.626,8.13097,8.13201,1.00,1.00
2017.11.03 06:52:59.095,8.13083,8.13187,1.00,1.00
2017.11.03 06:52:59.527,8.13095,8.13199,1.00,1.00
2017.11.03 06:52:59.832,8.13118,8.13222,1.00,1.00
2017.11.03 06:53:13.996,8.13132,8.13234,1.00,1.00
2017.11.03 06:53:15.505,8.13155,8.13259,1.00,1.00
2017.11.03 06:53:29.579,8.13174,8.13278,1.00,1.00
2017.11.03 06:53:30.188,8.13185,8.13289,1.00,1.00
2017.11.03 06:53:37.131,8.13175,8.13277,1.00,1.00
2017.11.03 06:53:37.233,8.13164,8.13267,1.00,1.00
2017.11.03 06:53:37.436,8.13146,8.13249,1.00,1.00
2017.11.03 06:53:38.308,8.13126,8.1323,1.00,1.00
2017.11.03 06:53:38.612,8.13107,8.13211,1.00,1.00
2017.11.03 06:53:52.252,8.13124,8.13227,1.00,1.00
2017.11.03 06:53:52.576,8.13145,8.13248,1.00,1.00
2017.11.03 06:53:52.627,8.1313,8.13234,1.00,1.00
2017.11.03 06:53:52.931,8.13119,8.13223,1.00,1.00
2017.11.03 06:54:01.265,8.13141,8.13242,1.00,1.00
2017.11.03 06:54:01.367,8.13154,8.13257,1.00,1.00
2017.11.03 06:54:08.953,8.13127,8.1323,1.00,1.00
2017.11.03 06:54:22.456,8.13105,8.13208,1.00,1.00
2017.11.03 06:54:30.948,8.13084,8.13187,1.00,1.00
2017.11.03 06:54:48.688,8.13077,8.1318,1.00,1.00
2017.11.03 06:55:00.123,8.13056,8.13159,1.00,1.00
2017.11.03 06:55:01.420,8.13042,8.13145,1.00,1.00
2017.11.03 06:55:07.391,8.13056,8.13159,1.00,1.00
2017.11.03 06:55:23.644,8.13048,8.13151,1.00,1.00
2017.11.03 06:55:38.691,8.13062,8.13165,1.00,1.00
2017.11.03 06:55:38.999,8.13083,8.13186,1.00,1.00
2017.11.03 06:56:18.564,8.13079,8.13183,1.00,1.00
2017.11.03 06:56:34.548,8.13086,8.1319,1.00,1.00
2017.11.03 06:56:46.566,8.13072,8.13175,1.00,1.00
2017.11.03 06:57:01.246,8.13105,8.13209,1.00,1.00
2017.11.03 06:57:01.430,8.13119,8.13223,1.00,1.00
2017.11.03 06:57:01.753,8.13144,8.13248,1.00,1.00
2017.11.03 06:57:18.485,8.13143,8.13247,1.00,1.00
2017.11.03 06:57:22.603,8.13129,8.13233,1.00,1.00
2017.11.03 06:57:22.908,8.13116,8.13219,1.00,1.00
2017.11.03 06:57:23.990,8.13135,8.13236,1.00,1.00
2017.11.03 06:57:41.914,8.13127,8.1323,1.00,1.00
2017.11.03 06:57:42.395,8.13141,8.13244,1.00,1.00
2017.11.03 06:57:46.540,8.13155,8.13258,1.00,1.00
2017.11.03 06:57:46.853,8.13169,8.13272,1.00,1.00
2017.11.03 06:57:48.288,8.13141,8.13244,1.00,1.00
2017.11.03 06:57:48.733,8.13155,8.13258,1.00,1.00
2017.11.03 06:57:49.128,8.13169,8.13272,1.00,1.00
2017.11.03 06:57:51.594,8.13134,8.13237,1.00,1.00
2017.11.03 06:58:03.644,8.13123,8.13227,1.00,1.00
2017.11.03 06:58:05.591,8.13158,8.13262,1.00,1.00
2017.11.03 06:58:08.022,8.13172,8.13276,1.00,1.00
2017.11.03 06:58:08.326,8.13186,8.1329,1.00,1.00
2017.11.03 06:58:15.102,8.13197,8.13301,1.00,1.00
2017.11.03 06:58:18.355,8.13211,8.13315,1.00,1.00
2017.11.03 06:58:18.704,8.13226,8.13328,1.00,1.00
2017.11.03 06:58:19.149,8.13205,8.13307,1.00,1.00
2017.11.03 06:58:38.476,8.13203,8.13306,1.00,1.00
2017.11.03 06:59:18.476,8.13199,8.13303,1.00,1.00
2017.11.03 06:59:21.560,8.13214,8.13316,1.00,1.00
2017.11.03 06:59:21.764,8.13234,8.13338,1.00,1.00
2017.11.03 06:59:21.867,8.13246,8.1335,1.00,1.00
2017.11.03 06:59:23.708,8.1326,8.13364,1.00,1.00
2017.11.03 06:59:25.642,8.13248,8.13352,1.00,1.00
2017.11.03 06:59:34.790,8.13263,8.13365,1.00,1.00
2017.11.03 06:59:35.219,8.13248,8.13351,1.00,1.00
2017.11.03 06:59:38.805,8.13234,8.13338,1.00,1.00
2017.11.03 06:59:39.037,8.13221,8.13324,1.00,1.00
2017.11.03 06:59:58.434,8.13211,8.13314,1.00,1.00
2017.11.03 06:59:59.927,8.13193,8.13296,1.00,1.00
