2014.07.18 03:00:02.544,6.21242,6.21498,2.03,1.00
2014.07.18 03:00:05.073,6.21242,6.21508,2.03,1.00
2014.07.18 03:00:05.559,6.21262,6.21508,2.03,1.00
2014.07.18 03:00:05.673,6.21262,6.21518,2.03,1.00
2014.07.18 03:00:07.673,6.21262,6.21528,2.03,1.00
2014.07.18 03:00:07.837,6.21262,6.21518,2.03,1.00
2014.07.18 03:00:07.932,6.21262,6.21528,2.03,1.00
2014.07.18 03:00:08.482,6.21262,6.21517,2.03,1.00
2014.07.18 03:00:09.068,6.21262,6.21528,2.03,1.00
2014.07.18 03:00:09.803,6.21262,6.21518,2.03,1.00
2014.07.18 03:00:12.004,6.21262,6.21528,2.03,1.00
2014.07.18 03:00:13.101,6.21262,6.21538,2.03,1.00
2014.07.18 03:00:17.173,6.21262,6.21527,2.03,1.00
2014.07.18 03:00:20.397,6.21262,6.21538,2.03,1.00
2014.07.18 03:00:24.353,6.21262,6.21528,2.03,1.00
2014.07.18 03:00:26.332,6.21262,6.21538,2.03,1.00
2014.07.18 03:00:26.552,6.21262,6.21528,2.03,1.00
2014.07.18 03:00:40.098,6.21262,6.21518,2.03,1.00
2014.07.18 03:00:46.584,6.21262,6.21528,2.03,1.00
2014.07.18 03:01:06.065,6.21232,6.21528,2.25,1.00
2014.07.18 03:01:06.523,6.21232,6.21438,2.25,1.00
2014.07.18 03:01:07.719,6.21232,6.21437,2.25,1.00
2014.07.18 03:01:22.813,6.21252,6.21437,1.50,1.00
2014.07.18 03:01:42.145,6.21252,6.21538,1.50,1.00
2014.07.18 03:01:42.398,6.21252,6.21438,1.50,1.00
2014.07.18 03:01:48.112,6.21252,6.21538,1.50,1.00
2014.07.18 03:01:48.213,6.21252,6.21398,1.50,1.00
2014.07.18 03:02:32.208,6.21229,6.21398,2.05,1.00
2014.07.18 03:02:32.511,6.21252,6.21398,2.03,1.00
2014.07.18 03:02:37.170,6.21232,6.21398,2.03,1.00
2014.07.18 03:02:37.781,6.21232,6.21397,2.03,1.00
2014.07.18 03:03:37.457,6.21203,6.21498,1.50,1.00
2014.07.18 03:03:40.441,6.21211,6.21498,1.30,1.00
2014.07.18 03:03:51.432,6.21211,6.21508,1.30,1.00
2014.07.18 03:03:51.534,6.21252,6.21508,2.03,1.00
2014.07.18 03:03:53.817,6.21252,6.21498,2.03,1.00
2014.07.18 03:03:55.797,6.21252,6.21508,2.03,1.00
2014.07.18 03:03:58.256,6.21252,6.21498,2.03,1.00
2014.07.18 03:04:06.030,6.21252,6.21497,2.03,1.00
2014.07.18 03:04:06.373,6.21252,6.21488,2.03,1.00
2014.07.18 03:04:06.625,6.21212,6.21487,2.78,1.00
2014.07.18 03:04:06.797,6.21212,6.21478,2.78,1.00
2014.07.18 03:04:07.018,6.21212,6.21488,2.78,1.00
2014.07.18 03:04:12.873,6.21212,6.21497,2.78,1.00
2014.07.18 03:04:37.051,6.21242,6.21497,2.03,1.00
2014.07.18 03:04:38.687,6.21242,6.21498,2.03,1.00
2014.07.18 03:04:43.828,6.21242,6.21508,2.03,1.00
2014.07.18 03:04:50.497,6.21242,6.21511,2.03,1.00
2014.07.18 03:04:55.227,6.21242,6.21508,2.03,1.00
2014.07.18 03:04:55.583,6.21242,6.21511,2.03,1.00
2014.07.18 03:04:55.998,6.21242,6.21508,2.03,1.00
2014.07.18 03:04:58.878,6.21242,6.21511,2.03,1.00
2014.07.18 03:05:00.584,6.21242,6.21398,2.03,1.00
2014.07.18 03:05:37.307,6.21222,6.21398,1.50,1.00
2014.07.18 03:05:45.029,6.21262,6.21398,2.03,1.00
2014.07.18 03:06:00.665,6.21262,6.21511,2.03,1.00
2014.07.18 03:06:02.456,6.21262,6.2151,2.03,1.00
2014.07.18 03:06:03.636,6.21262,6.21511,2.03,1.00
2014.07.18 03:06:09.338,6.21262,6.2151,2.03,1.00
2014.07.18 03:06:12.853,6.21262,6.21511,2.03,1.00
2014.07.18 03:06:45.037,6.21223,6.21511,2.25,1.00
2014.07.18 03:06:56.034,6.21223,6.21511,2.25,1.00
2014.07.18 03:06:56.475,6.21242,6.21511,1.50,1.00
2014.07.18 03:06:57.465,6.21242,6.2151,1.50,1.00
2014.07.18 03:06:59.578,6.21242,6.21511,1.50,1.00
2014.07.18 03:07:01.220,6.21242,6.2151,1.50,1.00
2014.07.18 03:07:08.428,6.21242,6.21511,1.50,1.00
2014.07.18 03:07:08.946,6.21242,6.2151,1.50,1.00
2014.07.18 03:07:16.654,6.21242,6.21511,1.50,1.00
2014.07.18 03:07:37.572,6.21282,6.2151,2.03,1.00
2014.07.18 03:07:38.183,6.21282,6.21511,2.03,1.00
2014.07.18 03:07:46.461,6.21282,6.2151,2.03,1.00
2014.07.18 03:07:47.875,6.21282,6.21511,2.03,1.00
2014.07.18 03:07:59.477,6.21282,6.21538,2.03,1.00
2014.07.18 03:07:59.578,6.21282,6.21481,2.03,1.00
2014.07.18 03:08:00.132,6.21282,6.21368,2.03,1.00
2014.07.18 03:08:37.557,6.21222,6.21368,2.25,1.00
2014.07.18 03:09:00.553,6.21233,6.21458,2.78,1.00
2014.07.18 03:09:01.512,6.21233,6.21458,2.40,1.00
2014.07.18 03:09:10.313,6.21233,6.21448,2.40,1.00
2014.07.18 03:09:46.001,6.21233,6.21438,2.40,1.00
2014.07.18 03:09:46.614,6.21233,6.21448,2.40,1.00
2014.07.18 03:09:51.573,6.21233,6.21447,2.40,1.00
2014.07.18 03:10:00.163,6.21184,6.21458,2.05,1.00
2014.07.18 03:10:01.117,6.21184,6.21458,2.05,1.00
2014.07.18 03:10:02.225,6.21184,6.21457,2.05,1.00
2014.07.18 03:10:16.221,6.2118,6.21448,2.05,1.00
2014.07.18 03:10:16.569,6.21212,6.21428,2.03,1.00
2014.07.18 03:10:25.421,6.21193,6.21428,2.03,1.00
2014.07.18 03:10:25.668,6.21193,6.21418,2.03,1.00
2014.07.18 03:10:29.631,6.21193,6.21428,2.03,1.00
2014.07.18 03:10:38.319,6.21193,6.21418,2.03,1.00
2014.07.18 03:11:20.008,6.21193,6.21428,2.03,1.00
2014.07.18 03:11:24.297,6.21193,6.21418,2.03,1.00
2014.07.18 03:11:24.847,6.21193,6.21428,2.03,1.00
2014.07.18 03:11:25.577,6.21163,6.21428,3.27,1.00
2014.07.18 03:11:27.532,6.21163,6.21428,3.27,1.00
2014.07.18 03:11:49.163,6.21163,6.21438,2.25,1.00
2014.07.18 03:11:52.256,6.21173,6.21437,1.39,1.00
2014.07.18 03:11:57.238,6.21182,6.21437,1.02,1.00
2014.07.18 03:11:57.736,6.21212,6.21448,2.03,1.00
2014.07.18 03:11:57.998,6.21212,6.21458,2.03,1.00
2014.07.18 03:12:07.638,6.21212,6.21448,2.03,1.00
2014.07.18 03:12:15.239,6.21212,6.21437,2.03,1.00
2014.07.18 03:12:15.447,6.21212,6.21448,2.03,1.00
2014.07.18 03:12:18.196,6.21212,6.21438,2.03,1.00
2014.07.18 03:12:46.507,6.21212,6.21457,2.03,1.00
2014.07.18 03:12:47.475,6.21212,6.21458,2.03,1.00
2014.07.18 03:12:49.036,6.21212,6.21481,2.03,1.00
2014.07.18 03:12:49.138,6.21253,6.21481,2.25,1.00
2014.07.18 03:12:49.535,6.21272,6.21481,2.03,1.00
2014.07.18 03:12:50.342,6.21272,6.2148,2.03,1.00
2014.07.18 03:13:01.181,6.21253,6.21368,2.25,1.00
2014.07.18 03:13:05.624,6.21253,6.21528,2.78,1.00
2014.07.18 03:13:05.826,6.21253,6.21397,2.78,1.00
2014.07.18 03:13:05.927,6.21263,6.21403,1.30,1.00
2014.07.18 03:13:06.028,6.21263,6.21385,1.30,1.00
2014.07.18 03:13:07.787,6.21282,6.21385,2.03,1.00
2014.07.18 03:13:20.104,6.21282,6.21378,2.03,1.00
2014.07.18 03:13:20.418,6.21212,6.21378,2.78,1.50
2014.07.18 03:13:20.736,6.21212,6.21381,2.78,1.00
2014.07.18 03:13:20.888,6.21212,6.21386,2.78,1.00
2014.07.18 03:13:21.405,6.21283,6.21386,2.03,1.00
2014.07.18 03:13:50.244,6.21283,6.21498,2.03,1.00
2014.07.18 03:13:50.353,6.21283,6.21547,2.03,1.00
2014.07.18 03:13:50.605,6.21283,6.21387,2.03,1.00
2014.07.18 03:13:50.908,6.21283,6.21375,2.03,1.00
2014.07.18 03:13:54.204,6.21283,6.21488,2.03,1.00
2014.07.18 03:13:54.325,6.21283,6.21547,2.03,1.00
2014.07.18 03:13:54.376,6.21283,6.21551,2.03,1.00
2014.07.18 03:13:54.477,6.21283,6.21557,2.03,1.00
2014.07.18 03:13:54.528,6.21283,6.21478,2.03,1.00
2014.07.18 03:13:54.929,6.21283,6.21365,2.03,1.00
2014.07.18 03:14:11.923,6.21283,6.21477,2.03,1.00
2014.07.18 03:14:12.034,6.21283,6.21538,2.03,1.50
2014.07.18 03:14:12.135,6.21283,6.21541,2.03,1.00
2014.07.18 03:14:12.253,6.21283,6.21397,2.03,1.00
2014.07.18 03:14:12.583,6.21283,6.21383,2.03,1.00
2014.07.18 03:14:17.954,6.21221,6.21383,2.05,1.00
2014.07.18 03:14:18.061,6.21221,6.21385,2.05,1.00
2014.07.18 03:14:23.488,6.21202,6.21385,1.31,1.00
2014.07.18 03:14:25.014,6.21192,6.21385,2.78,1.00
2014.07.18 03:14:39.863,6.21162,6.21417,2.17,1.00
2014.07.18 03:14:47.293,6.21162,6.21408,1.38,1.00
2014.07.18 03:14:54.214,6.21162,6.21407,1.38,1.00
2014.07.18 03:15:22.590,6.21153,6.21418,2.78,1.00
2014.07.18 03:15:23.299,6.21153,6.21418,2.78,1.00
2014.07.18 03:15:26.659,6.21162,6.21428,1.75,1.00
2014.07.18 03:15:50.089,6.21153,6.21417,1.75,1.00
2014.07.18 03:15:51.400,6.21152,6.21418,1.75,1.00
2014.07.18 03:15:53.331,6.21152,6.21418,1.75,1.00
2014.07.18 03:16:04.170,6.21148,6.21407,2.05,1.00
2014.07.18 03:16:06.809,6.21152,6.21418,1.75,1.00
2014.07.18 03:16:10.549,6.21149,6.21408,2.05,1.00
2014.07.18 03:16:10.879,6.21153,6.21417,1.75,1.00
2014.07.18 03:16:36.998,6.21142,6.21408,1.75,1.00
2014.07.18 03:16:37.308,6.21137,6.21398,2.05,1.00
2014.07.18 03:16:37.655,6.21142,6.21408,1.75,1.00
2014.07.18 03:16:38.048,6.21137,6.21398,2.05,1.00
2014.07.18 03:16:53.376,6.21143,6.21398,1.68,1.00
2014.07.18 03:16:54.052,6.21142,6.21398,2.23,1.00
2014.07.18 03:16:54.153,6.21142,6.21388,2.23,1.00
2014.07.18 03:16:54.328,6.21142,6.21397,2.01,1.00
2014.07.18 03:16:55.437,6.21142,6.21388,2.01,1.00
2014.07.18 03:16:57.572,6.21133,6.21388,2.05,1.00
2014.07.18 03:16:58.177,6.21142,6.21388,1.73,1.00
2014.07.18 03:17:34.579,6.21135,6.21388,2.05,1.00
2014.07.18 03:17:34.831,6.21135,6.21378,2.05,1.00
2014.07.18 03:17:35.388,6.21135,6.21368,2.05,1.00
2014.07.18 03:17:37.150,6.21135,6.21357,2.05,1.00
2014.07.18 03:17:44.158,6.21135,6.21358,2.05,1.00
2014.07.18 03:17:48.557,6.21135,6.21368,2.05,1.00
2014.07.18 03:17:53.425,6.21122,6.21368,2.75,1.00
2014.07.18 03:17:56.838,6.21122,6.21358,2.75,1.00
2014.07.18 03:18:20.114,6.21122,6.21358,2.03,1.00
2014.07.18 03:18:20.467,6.21122,6.21348,2.03,1.00
2014.07.18 03:18:20.518,6.21098,6.21348,1.30,1.00
2014.07.18 03:18:22.437,6.21098,6.21358,1.30,1.00
2014.07.18 03:18:23.350,6.21122,6.21358,1.37,1.00
2014.07.18 03:18:24.455,6.21122,6.21367,1.11,1.00
2014.07.18 03:18:27.766,6.21122,6.21367,2.03,1.00
2014.07.18 03:18:28.280,6.21122,6.21367,3.65,1.00
2014.07.18 03:18:28.417,6.21098,6.21358,1.30,1.00
2014.07.18 03:18:28.926,6.21102,6.21368,1.00,1.00
2014.07.18 03:18:29.208,6.21112,6.21368,1.63,1.00
2014.07.18 03:18:31.236,6.21112,6.21358,1.63,1.00
2014.07.18 03:18:31.457,6.21112,6.21368,1.63,1.00
2014.07.18 03:18:31.675,6.21112,6.21358,1.63,1.00
2014.07.18 03:18:33.546,6.21113,6.21377,1.08,1.00
2014.07.18 03:18:33.655,6.21122,6.21388,2.78,1.00
2014.07.18 03:18:33.786,6.21132,6.21398,1.00,1.00
2014.07.18 03:18:34.195,6.21142,6.21398,2.03,1.00
2014.07.18 03:18:34.503,6.21152,6.21398,1.37,1.00
2014.07.18 03:18:48.508,6.21142,6.21398,2.03,1.00
2014.07.18 03:18:49.208,6.21152,6.21398,1.10,1.00
2014.07.18 03:18:54.542,6.21142,6.21398,2.03,1.00
2014.07.18 03:18:55.055,6.21152,6.21398,1.17,1.00
2014.07.18 03:18:55.459,6.21142,6.21398,2.03,1.00
2014.07.18 03:18:56.070,6.21143,6.21398,1.65,1.00
2014.07.18 03:19:02.759,6.21152,6.21398,1.09,1.00
2014.07.18 03:19:02.810,6.21152,6.21408,1.09,1.00
2014.07.18 03:19:04.675,6.21153,6.21417,1.08,1.00
2014.07.18 03:19:05.115,6.21162,6.21428,1.10,1.00
2014.07.18 03:19:05.765,6.21162,6.21428,1.08,1.00
2014.07.18 03:19:06.416,6.21162,6.21428,1.00,1.00
2014.07.18 03:19:06.748,6.21162,6.21428,2.34,1.00
2014.07.18 03:19:08.415,6.21172,6.21438,1.37,1.00
2014.07.18 03:19:09.334,6.21172,6.21428,2.64,1.00
2014.07.18 03:19:09.644,6.21172,6.21408,2.73,1.00
2014.07.18 03:19:09.745,6.21172,6.21408,2.03,1.00
2014.07.18 03:19:09.846,6.21172,6.21428,2.03,1.00
2014.07.18 03:19:10.634,6.21172,6.21417,2.03,1.00
2014.07.18 03:19:10.834,6.21172,6.21428,2.03,1.00
2014.07.18 03:19:11.203,6.21164,6.21428,1.30,1.00
2014.07.18 03:19:12.686,6.21164,6.21428,2.05,1.00
2014.07.18 03:19:13.376,6.21164,6.21427,2.05,1.00
2014.07.18 03:19:13.608,6.21172,6.21438,1.50,1.00
2014.07.18 03:19:14.598,6.21173,6.21437,1.08,1.00
2014.07.18 03:19:14.909,6.21182,6.21448,1.10,1.00
2014.07.18 03:19:22.605,6.21172,6.21438,3.48,1.00
2014.07.18 03:19:23.476,6.21173,6.21438,1.20,1.00
2014.07.18 03:19:28.408,6.21172,6.21438,3.47,1.00
2014.07.18 03:20:08.366,6.21173,6.21437,1.08,1.00
2014.07.18 03:20:11.831,6.21172,6.21418,2.18,1.00
2014.07.18 03:20:11.932,6.21172,6.21418,2.03,1.00
2014.07.18 03:20:12.084,6.21158,6.21418,1.30,1.00
2014.07.18 03:20:12.135,6.21158,6.21408,1.30,1.00
2014.07.18 03:20:12.504,6.21158,6.21408,1.38,1.00
2014.07.18 03:20:14.120,6.21158,6.21408,1.30,1.00
2014.07.18 03:20:14.221,6.21158,6.21408,1.38,1.00
2014.07.18 03:20:18.663,6.21158,6.21408,1.38,1.00
2014.07.18 03:20:19.181,6.21158,6.21408,1.38,1.00
2014.07.18 03:20:44.814,6.21153,6.21408,1.02,1.00
2014.07.18 03:20:44.967,6.21172,6.21408,2.03,1.00
2014.07.18 03:20:45.017,6.21172,6.21428,2.03,1.00
2014.07.18 03:20:45.407,6.21172,6.21428,2.79,1.00
2014.07.18 03:20:50.828,6.21173,6.21438,1.09,1.00
2014.07.18 03:20:51.276,6.21172,6.21428,2.45,1.00
2014.07.18 03:20:52.530,6.21172,6.21428,2.03,1.00
2014.07.18 03:20:52.580,6.21172,6.21428,2.52,1.00
2014.07.18 03:20:52.782,6.21172,6.21428,2.03,1.00
2014.07.18 03:21:03.367,6.21172,6.21418,2.03,1.00
2014.07.18 03:21:03.848,6.21172,6.21418,2.82,1.00
2014.07.18 03:21:04.176,6.21173,6.21408,1.67,1.00
2014.07.18 03:21:05.105,6.21172,6.21408,1.10,1.00
2014.07.18 03:21:06.574,6.21159,6.21408,1.68,1.00
2014.07.18 03:21:06.827,6.21172,6.21408,1.50,1.00
2014.07.18 03:21:07.191,6.21159,6.21398,1.68,1.00
2014.07.18 03:21:14.477,6.21152,6.21397,3.72,1.00
2014.07.18 03:21:19.649,6.21152,6.21398,3.72,1.00
2014.07.18 03:21:23.632,6.21152,6.21398,3.00,1.00
2014.07.18 03:21:28.685,6.21152,6.21368,3.00,1.00
2014.07.18 03:21:28.736,6.21152,6.21368,2.03,1.00
2014.07.18 03:21:28.888,6.21152,6.21378,2.03,1.00
2014.07.18 03:21:29.039,6.21152,6.21378,2.78,1.00
2014.07.18 03:21:29.140,6.21173,6.21478,2.25,2.03
2014.07.18 03:21:29.191,6.21212,6.2148,2.03,1.00
2014.07.18 03:21:29.242,6.21212,6.21507,2.03,1.00
2014.07.18 03:21:29.874,6.21212,6.21497,2.03,1.00
2014.07.18 03:21:30.202,6.21213,6.21497,1.19,1.00
2014.07.18 03:21:30.402,6.21212,6.21498,2.03,1.00
2014.07.18 03:21:32.120,6.21222,6.21498,1.81,1.00
2014.07.18 03:21:33.617,6.21222,6.21508,1.13,1.00
2014.07.18 03:21:33.834,6.21222,6.21498,1.13,1.00
2014.07.18 03:21:34.933,6.21213,6.21498,1.30,1.00
2014.07.18 03:21:43.885,6.21213,6.21508,1.30,1.00
2014.07.18 03:22:01.584,6.21213,6.21507,1.30,1.00
2014.07.18 03:22:01.883,6.21213,6.21518,1.30,1.00
2014.07.18 03:22:02.725,6.21232,6.21518,1.12,1.00
2014.07.18 03:22:05.627,6.21232,6.21508,1.12,1.00
2014.07.18 03:22:09.849,6.21223,6.21517,1.51,1.00
2014.07.18 03:22:09.900,6.21263,6.21517,2.03,1.00
2014.07.18 03:22:10.207,6.21263,6.21518,2.23,1.00
2014.07.18 03:22:15.894,6.21263,6.21528,2.03,1.00
2014.07.18 03:22:15.995,6.21263,6.21528,2.35,1.00
2014.07.18 03:22:16.316,6.21263,6.21518,2.35,1.00
2014.07.18 03:22:25.904,6.21263,6.21518,2.03,1.00
2014.07.18 03:22:25.955,6.21229,6.21518,1.30,1.00
2014.07.18 03:22:30.844,6.21229,6.21398,1.30,1.00
2014.07.18 03:22:30.945,6.21212,6.21398,2.03,1.00
2014.07.18 03:22:30.996,6.21151,6.21398,1.30,1.00
2014.07.18 03:22:31.610,6.21151,6.21398,1.38,1.00
2014.07.18 03:22:32.111,6.21151,6.21398,1.38,1.00
2014.07.18 03:22:35.435,6.21151,6.21388,1.38,1.00
2014.07.18 03:22:41.596,6.21151,6.21398,1.38,1.00
2014.07.18 03:22:42.288,6.21151,6.21388,1.38,1.00
2014.07.18 03:22:49.404,6.21151,6.21388,1.38,1.00
2014.07.18 03:22:49.713,6.21151,6.21377,1.38,1.00
2014.07.18 03:22:50.283,6.21151,6.21398,1.38,1.00
2014.07.18 03:22:51.382,6.21151,6.21398,1.38,1.00
2014.07.18 03:23:03.325,6.21142,6.21398,1.90,1.00
2014.07.18 03:23:03.376,6.21132,6.21468,3.53,2.03
2014.07.18 03:23:03.426,6.21212,6.21493,2.03,1.30
2014.07.18 03:23:03.736,6.21212,6.21498,2.03,1.00
2014.07.18 03:23:04.375,6.21212,6.21498,2.50,1.00
2014.07.18 03:23:05.944,6.21212,6.21507,2.63,1.00
2014.07.18 03:23:06.122,6.21212,6.21497,2.63,1.00
2014.07.18 03:23:06.342,6.21212,6.21508,2.63,1.00
2014.07.18 03:23:06.893,6.21212,6.21498,2.54,1.00
2014.07.18 03:23:07.112,6.21212,6.21508,2.54,1.00
2014.07.18 03:23:07.323,6.21212,6.21508,2.03,1.00
2014.07.18 03:23:07.989,6.21212,6.21508,3.08,1.00
2014.07.18 03:23:08.513,6.21222,6.21508,1.56,1.00
2014.07.18 03:23:11.499,6.21212,6.21508,2.03,1.00
2014.07.18 03:23:12.309,6.21233,6.21508,1.33,1.00
2014.07.18 03:23:24.478,6.21232,6.21508,1.17,1.00
2014.07.18 03:23:24.529,6.21232,6.21518,1.17,1.00
2014.07.18 03:23:24.824,6.21232,6.21507,1.17,1.00
2014.07.18 03:23:25.154,6.21233,6.21497,1.38,1.00
2014.07.18 03:23:25.365,6.21212,6.21497,2.03,1.00
2014.07.18 03:23:25.966,6.21222,6.21497,1.67,1.00
2014.07.18 03:23:27.073,6.21233,6.21497,1.30,1.00
2014.07.18 03:23:27.174,6.21233,6.21508,1.30,1.00
2014.07.18 03:23:27.815,6.21222,6.21508,1.31,1.00
2014.07.18 03:23:28.076,6.21212,6.21508,2.03,1.00
2014.07.18 03:23:28.680,6.21232,6.21508,1.22,1.00
2014.07.18 03:23:32.604,6.21212,6.21508,2.03,1.00
2014.07.18 03:23:33.103,6.21232,6.21508,1.14,1.00
2014.07.18 03:23:46.403,6.21222,6.21498,1.72,1.00
2014.07.18 03:23:55.079,6.21232,6.21508,1.09,1.00
2014.07.18 03:24:01.273,6.21222,6.21497,1.13,1.00
2014.07.18 03:24:02.523,6.21212,6.21497,2.03,1.00
2014.07.18 03:24:03.028,6.21223,6.21497,1.02,1.00
2014.07.18 03:24:06.951,6.21195,6.21497,2.05,1.00
2014.07.18 03:24:07.656,6.21222,6.21497,1.83,1.00
2014.07.18 03:24:10.842,6.21222,6.21508,1.83,1.00
2014.07.18 03:24:17.403,6.21232,6.21517,1.17,1.00
2014.07.18 03:24:18.314,6.21195,6.21517,2.05,1.00
2014.07.18 03:24:18.863,6.21197,6.21508,1.75,1.00
2014.07.18 03:24:19.193,6.21197,6.21498,1.75,1.00
2014.07.18 03:24:19.889,6.21212,6.21498,1.15,1.00
2014.07.18 03:24:21.121,6.21213,6.21498,1.51,1.00
2014.07.18 03:24:22.161,6.21205,6.21498,1.12,1.00
2014.07.18 03:24:30.400,6.21197,6.21498,1.00,1.00
2014.07.18 03:24:30.501,6.21197,6.21508,1.00,1.00
2014.07.18 03:24:31.055,6.21197,6.21507,1.00,1.00
2014.07.18 03:24:31.413,6.21232,6.21507,1.14,1.00
2014.07.18 03:24:34.382,6.21222,6.21518,1.79,1.00
2014.07.18 03:24:34.584,6.21232,6.21527,2.65,1.00
2014.07.18 03:24:40.205,6.21232,6.21538,3.28,1.00
2014.07.18 03:24:40.282,6.21232,6.21528,3.28,1.00
2014.07.18 03:24:45.523,6.21233,6.21528,1.26,1.00
2014.07.18 03:24:46.805,6.21232,6.21528,2.39,1.00
2014.07.18 03:24:46.993,6.21232,6.21538,2.39,1.00
2014.07.18 03:24:48.530,6.21232,6.21537,2.39,1.00
2014.07.18 03:24:49.300,6.21232,6.21538,2.39,1.00
2014.07.18 03:24:54.306,6.21232,6.21538,2.03,1.00
2014.07.18 03:24:55.299,6.21232,6.21538,2.57,1.00
2014.07.18 03:24:56.933,6.21232,6.21538,2.03,1.00
2014.07.18 03:24:58.981,6.21232,6.21527,2.03,1.00
2014.07.18 03:24:59.619,6.21232,6.21528,2.03,1.00
2014.07.18 03:25:00.237,6.21232,6.21528,3.45,1.00
2014.07.18 03:25:01.749,6.21232,6.21528,2.03,1.00
2014.07.18 03:25:03.260,6.21232,6.21528,3.67,1.00
2014.07.18 03:25:06.574,6.21232,6.21528,2.03,1.00
2014.07.18 03:25:07.279,6.21232,6.21528,3.55,1.00
2014.07.18 03:25:12.401,6.21233,6.21528,1.39,1.00
2014.07.18 03:25:13.279,6.21232,6.21528,2.93,1.00
2014.07.18 03:25:14.747,6.21232,6.21528,2.03,1.00
2014.07.18 03:25:15.338,6.21232,6.21528,2.68,1.00
2014.07.18 03:25:15.744,6.21232,6.21528,2.03,1.00
2014.07.18 03:25:16.242,6.21232,6.21528,2.93,1.00
2014.07.18 03:25:27.389,6.21232,6.21528,2.84,1.00
2014.07.18 03:26:01.454,6.21222,6.21528,1.15,1.00
2014.07.18 03:26:01.682,6.21212,6.21537,1.99,1.00
2014.07.18 03:26:01.928,6.21223,6.21548,1.13,1.00
2014.07.18 03:26:02.542,6.21223,6.21547,1.13,1.00
2014.07.18 03:26:02.914,6.21223,6.21538,1.13,1.00
2014.07.18 03:26:03.880,6.21212,6.21538,1.39,1.00
2014.07.18 03:26:13.281,6.21218,6.21548,1.30,1.00
2014.07.18 03:26:13.383,6.21218,6.21558,1.30,1.00
2014.07.18 03:26:13.989,6.21222,6.21558,1.46,1.00
2014.07.18 03:26:14.539,6.21223,6.21548,1.10,1.00
2014.07.18 03:26:17.716,6.21218,6.21548,1.30,1.00
2014.07.18 03:26:17.817,6.21218,6.21557,1.30,1.00
2014.07.18 03:26:18.379,6.21222,6.21557,1.89,1.00
2014.07.18 03:26:22.137,6.21233,6.21557,1.25,1.00
2014.07.18 03:26:22.453,6.21233,6.21548,1.25,1.00
2014.07.18 03:26:30.699,6.21203,6.21548,1.30,1.00
2014.07.18 03:26:31.054,6.21213,6.21577,1.00,1.00
2014.07.18 03:26:31.105,6.21262,6.21577,2.03,1.00
2014.07.18 03:26:31.408,6.21262,6.21568,2.03,1.00
2014.07.18 03:26:31.778,6.21272,6.21568,1.16,1.00
2014.07.18 03:26:32.403,6.21272,6.21558,1.35,1.00
2014.07.18 03:26:35.171,6.21262,6.21568,3.62,1.00
2014.07.18 03:26:35.779,6.21262,6.21578,3.15,1.00
2014.07.18 03:26:37.998,6.21262,6.21578,2.03,1.00
2014.07.18 03:26:38.600,6.21262,6.21578,2.89,1.00
2014.07.18 03:26:39.754,6.21262,6.21568,3.04,1.00
2014.07.18 03:26:42.839,6.21262,6.21578,3.04,1.77
2014.07.18 03:26:43.235,6.21262,6.21578,2.03,1.00
2014.07.18 03:26:43.829,6.21263,6.21578,1.33,1.00
2014.07.18 03:26:44.166,6.21263,6.21588,1.07,1.73
2014.07.18 03:26:44.267,6.21263,6.21578,1.07,1.00
2014.07.18 03:26:44.827,6.21262,6.21578,3.01,1.00
2014.07.18 03:26:45.657,6.21262,6.21578,2.03,1.00
2014.07.18 03:26:49.469,6.21262,6.21578,3.15,1.00
2014.07.18 03:26:57.348,6.21263,6.21578,1.77,1.00
2014.07.18 03:26:59.739,6.21262,6.21578,3.42,1.00
2014.07.18 03:27:00.257,6.21262,6.21568,3.42,1.00
2014.07.18 03:27:01.627,6.21262,6.21558,3.42,1.00
2014.07.18 03:27:02.886,6.21262,6.21558,2.63,1.00
2014.07.18 03:27:32.385,6.21253,6.21568,1.01,1.00
2014.07.18 03:27:32.578,6.21252,6.21578,1.10,1.00
2014.07.18 03:27:52.536,6.21242,6.21578,1.88,1.77
2014.07.18 03:27:53.115,6.21242,6.21577,1.88,1.00
2014.07.18 03:27:53.166,6.21252,6.21577,1.11,1.00
2014.07.18 03:27:53.470,6.21245,6.21567,1.34,1.00
2014.07.18 03:27:53.644,6.21245,6.21578,1.34,1.00
2014.07.18 03:27:54.030,6.21252,6.21558,1.13,1.00
2014.07.18 03:27:54.298,6.21262,6.21568,1.02,1.00
2014.07.18 03:27:54.787,6.21242,6.21568,1.88,1.00
2014.07.18 03:27:54.940,6.21242,6.21557,1.88,1.00
2014.07.18 03:27:55.019,6.21242,6.21567,1.88,1.00
2014.07.18 03:27:55.508,6.21242,6.21577,1.88,1.00
2014.07.18 03:27:55.699,6.21242,6.21558,1.88,1.00
2014.07.18 03:27:55.900,6.21242,6.21568,1.88,1.00
2014.07.18 03:27:55.951,6.21273,6.21568,1.27,1.00
2014.07.18 03:27:56.535,6.21262,6.21567,1.56,1.00
2014.07.18 03:27:57.260,6.21262,6.21578,1.83,1.00
2014.07.18 03:27:57.456,6.21242,6.21558,1.88,1.00
2014.07.18 03:27:57.549,6.21242,6.21568,1.88,1.00
2014.07.18 03:27:58.030,6.21242,6.21578,1.88,1.00
2014.07.18 03:27:58.230,6.21242,6.21558,1.88,1.00
2014.07.18 03:27:58.331,6.21242,6.21567,1.88,1.00
2014.07.18 03:27:58.787,6.21272,6.21567,1.14,1.00
2014.07.18 03:27:59.367,6.21273,6.21558,1.41,1.00
2014.07.18 03:28:12.326,6.21273,6.21568,1.41,1.00
2014.07.18 03:28:29.888,6.21273,6.21557,1.41,1.00
2014.07.18 03:28:29.938,6.21231,6.21557,2.05,1.00
2014.07.18 03:28:30.477,6.21231,6.21548,2.05,1.00
2014.07.18 03:28:30.787,6.21245,6.21538,1.05,1.00
2014.07.18 03:28:44.304,6.21242,6.21538,2.40,1.00
2014.07.18 03:28:44.901,6.21253,6.21538,1.09,1.00
2014.07.18 03:28:46.658,6.21252,6.21538,1.31,1.00
2014.07.18 03:28:47.831,6.21245,6.21538,1.07,1.00
2014.07.18 03:28:52.277,6.21252,6.21538,1.87,1.00
2014.07.18 03:28:52.329,6.21252,6.21548,1.87,1.00
2014.07.18 03:28:52.677,6.21242,6.21548,2.78,1.00
2014.07.18 03:28:54.088,6.21242,6.21548,2.03,1.00
2014.07.18 03:28:56.202,6.21242,6.21538,2.03,1.00
2014.07.18 03:29:10.831,6.21242,6.21548,2.03,1.00
2014.07.18 03:29:12.677,6.21242,6.21538,2.03,1.00
2014.07.18 03:29:12.896,6.21242,6.21548,2.03,1.00
2014.07.18 03:29:18.836,6.21242,6.21537,2.03,1.00
2014.07.18 03:29:32.047,6.21201,6.21537,2.05,1.00
2014.07.18 03:29:50.119,6.21202,6.21537,2.05,1.00
2014.07.18 03:29:50.704,6.21202,6.21538,2.05,1.00
2014.07.18 03:29:51.220,6.21232,6.21538,2.52,1.00
2014.07.18 03:29:57.159,6.21233,6.21538,1.28,1.00
2014.07.18 03:29:58.787,6.21191,6.21538,2.05,1.00
2014.07.18 03:30:15.296,6.21193,6.21548,2.05,1.00
2014.07.18 03:30:15.397,6.21203,6.21557,2.25,1.00
2014.07.18 03:30:15.596,6.21203,6.21547,2.25,1.00
2014.07.18 03:30:16.425,6.21252,6.21547,2.28,1.00
2014.07.18 03:30:17.831,6.21203,6.21547,2.25,1.00
2014.07.18 03:30:18.634,6.21252,6.21547,1.52,1.00
2014.07.18 03:30:20.743,6.21203,6.21547,2.25,1.00
2014.07.18 03:30:21.315,6.21203,6.21558,2.25,1.00
2014.07.18 03:30:21.468,6.21252,6.21558,1.15,1.00
2014.07.18 03:30:22.861,6.21243,6.21558,1.74,1.00
2014.07.18 03:30:24.428,6.21243,6.21548,1.74,1.00
2014.07.18 03:30:24.674,6.21203,6.21548,2.25,1.00
2014.07.18 03:30:25.378,6.21252,6.21548,1.23,1.00
2014.07.18 03:30:32.537,6.21252,6.21558,1.23,1.00
2014.07.18 03:30:42.985,6.21252,6.21548,1.33,1.00
2014.07.18 03:30:50.732,6.21253,6.21548,1.18,1.00
2014.07.18 03:30:52.554,6.21253,6.21558,1.18,1.00
2014.07.18 03:30:53.434,6.21253,6.21548,1.18,1.00
2014.07.18 03:30:55.465,6.21242,6.21548,1.13,1.00
2014.07.18 03:30:58.605,6.21242,6.21538,1.13,1.00
2014.07.18 03:30:59.706,6.21242,6.21547,1.13,1.00
2014.07.18 03:31:04.326,6.21242,6.21538,1.13,1.00
2014.07.18 03:31:10.404,6.21207,6.21538,2.05,1.00
2014.07.18 03:31:10.606,6.21207,6.21528,2.05,1.00
2014.07.18 03:31:10.910,6.21213,6.21518,2.78,1.00
2014.07.18 03:31:11.185,6.21213,6.21528,2.78,1.00
2014.07.18 03:31:11.588,6.21242,6.21528,1.09,1.00
2014.07.18 03:31:12.299,6.21243,6.21528,1.22,1.00
2014.07.18 03:31:12.400,6.21243,6.21538,1.22,1.00
2014.07.18 03:31:15.673,6.21242,6.21538,3.08,1.00
2014.07.18 03:31:25.348,6.21242,6.21548,3.08,1.00
2014.07.18 03:31:25.995,6.21242,6.21538,3.08,1.00
2014.07.18 03:31:31.700,6.21242,6.21538,2.03,1.00
2014.07.18 03:31:32.304,6.21243,6.21538,1.13,1.00
2014.07.18 03:31:33.414,6.21242,6.21538,2.70,1.00
2014.07.18 03:31:38.316,6.21242,6.21527,2.70,1.00
2014.07.18 03:31:39.305,6.21242,6.21538,2.70,1.00
2014.07.18 03:31:41.005,6.21242,6.21518,2.48,1.00
2014.07.18 03:31:49.499,6.21242,6.21518,2.03,1.00
2014.07.18 03:31:50.101,6.21242,6.21518,3.13,1.00
2014.07.18 03:32:01.046,6.21242,6.21518,2.52,1.00
2014.07.18 03:32:01.745,6.21242,6.21508,2.52,1.00
2014.07.18 03:32:02.094,6.21242,6.21508,2.03,1.00
2014.07.18 03:32:02.698,6.21242,6.21508,2.76,1.00
2014.07.18 03:32:05.928,6.21242,6.21508,2.03,1.00
2014.07.18 03:32:06.072,6.21242,6.21517,2.03,1.00
2014.07.18 03:32:06.844,6.21242,6.21517,2.83,1.00
2014.07.18 03:32:22.955,6.21212,6.21517,2.25,1.00
2014.07.18 03:32:23.537,6.21242,6.21517,1.18,1.00
2014.07.18 03:32:31.004,6.21222,6.21518,1.26,1.00
2014.07.18 03:32:36.948,6.21212,6.21488,2.25,1.00
2014.07.18 03:32:37.200,6.21212,6.21498,2.78,1.00
2014.07.18 03:32:37.430,6.21212,6.21498,3.39,1.00
2014.07.18 03:32:37.932,6.21218,6.21498,1.17,1.00
2014.07.18 03:32:38.355,6.21212,6.21498,2.78,1.00
2014.07.18 03:32:38.407,6.21212,6.21507,2.78,1.00
2014.07.18 03:32:39.155,6.21232,6.21507,1.74,1.00
2014.07.18 03:32:39.664,6.21233,6.21507,1.19,1.00
2014.07.18 03:32:43.792,6.21212,6.21507,2.78,1.00
2014.07.18 03:32:44.408,6.21232,6.21507,1.15,1.00
2014.07.18 03:32:50.142,6.21242,6.21518,1.25,1.00
2014.07.18 03:32:52.672,6.21242,6.21507,2.52,1.00
2014.07.18 03:32:53.925,6.21222,6.21518,1.12,1.00
2014.07.18 03:32:55.752,6.21242,6.21517,2.63,1.00
2014.07.18 03:33:00.374,6.21242,6.21508,2.61,1.00
2014.07.18 03:33:03.814,6.21242,6.21508,2.03,1.00
2014.07.18 03:33:04.395,6.21242,6.21508,2.32,1.00
2014.07.18 03:33:07.625,6.21242,6.21508,2.03,1.00
2014.07.18 03:33:08.332,6.21242,6.21508,2.70,1.00
2014.07.18 03:33:09.537,6.21242,6.21508,2.03,1.00
2014.07.18 03:33:10.543,6.21242,6.21508,3.05,1.00
2014.07.18 03:33:25.789,6.21242,6.21508,2.77,1.00
2014.07.18 03:33:29.322,6.21242,6.21508,2.98,1.00
2014.07.18 03:33:29.645,6.21242,6.21498,2.03,1.00
2014.07.18 03:33:30.128,6.21242,6.21498,3.10,1.00
2014.07.18 03:33:32.512,6.21242,6.21488,3.10,1.00
2014.07.18 03:33:32.562,6.21242,6.21488,2.03,1.00
2014.07.18 03:33:32.663,6.21212,6.21488,2.78,1.00
2014.07.18 03:33:32.714,6.21212,6.21478,2.78,1.00
2014.07.18 03:33:33.017,6.21212,6.21468,2.03,1.00
2014.07.18 03:33:33.420,6.21212,6.21468,3.06,1.00
2014.07.18 03:33:35.463,6.21222,6.21477,1.10,1.00
2014.07.18 03:33:39.418,6.21212,6.21477,2.03,1.00
2014.07.18 03:33:40.222,6.21212,6.21477,3.24,1.00
2014.07.18 03:33:42.336,6.21212,6.21477,2.03,1.00
2014.07.18 03:33:43.039,6.21212,6.21477,3.02,1.00
2014.07.18 03:33:46.504,6.21222,6.21467,1.14,1.00
2014.07.18 03:33:46.655,6.21212,6.21467,2.03,1.00
2014.07.18 03:33:47.297,6.21212,6.21467,3.05,1.00
2014.07.18 03:33:48.902,6.21212,6.21468,2.76,1.00
2014.07.18 03:33:52.104,6.21212,6.21468,2.03,1.00
2014.07.18 03:33:52.205,6.21183,6.21458,2.03,1.00
2014.07.18 03:33:52.822,6.21192,6.21458,1.50,1.00
2014.07.18 03:33:57.780,6.21183,6.21458,2.03,1.00
2014.07.18 03:33:58.373,6.21183,6.21458,2.72,1.00
2014.07.18 03:34:01.404,6.21183,6.21458,3.38,1.00
2014.07.18 03:34:01.971,6.21192,6.21458,1.62,1.00
2014.07.18 03:34:06.199,6.21213,6.21468,2.03,1.00
2014.07.18 03:34:09.822,6.21213,6.21478,2.03,1.00
2014.07.18 03:34:21.223,6.21213,6.21488,2.03,1.00
2014.07.18 03:34:21.771,6.21213,6.21487,2.03,1.00
2014.07.18 03:34:22.145,6.21213,6.21498,2.03,1.00
2014.07.18 03:34:22.246,6.21232,6.21508,2.03,1.00
2014.07.18 03:34:22.922,6.21232,6.21478,2.03,1.00
2014.07.18 03:34:23.023,6.21193,6.21488,2.78,1.00
2014.07.18 03:34:23.472,6.21212,6.21488,1.28,1.00
2014.07.18 03:34:27.186,6.21212,6.21478,1.38,1.00
2014.07.18 03:34:28.052,6.21212,6.21477,1.38,1.00
2014.07.18 03:34:29.118,6.21203,6.21477,1.02,1.00
2014.07.18 03:34:29.169,6.21203,6.21487,1.02,1.00
2014.07.18 03:34:30.159,6.21199,6.21487,1.35,1.00
2014.07.18 03:34:33.812,6.21199,6.21478,1.05,1.00
2014.07.18 03:34:43.111,6.21194,6.21488,1.11,1.00
2014.07.18 03:34:43.442,6.21194,6.21478,1.21,1.00
2014.07.18 03:34:47.560,6.21194,6.21488,1.14,1.00
2014.07.18 03:34:54.296,6.21193,6.21488,2.78,1.00
2014.07.18 03:34:54.480,6.21193,6.21488,2.03,1.00
2014.07.18 03:34:55.040,6.21193,6.21488,2.81,1.00
2014.07.18 03:34:56.856,6.21193,6.21488,2.03,1.00
2014.07.18 03:34:57.462,6.21202,6.21488,1.18,1.00
2014.07.18 03:34:59.631,6.21193,6.21488,2.03,1.00
2014.07.18 03:35:00.761,6.21193,6.21488,3.00,1.00
2014.07.18 03:35:01.047,6.21202,6.21508,1.44,1.00
2014.07.18 03:35:01.200,6.21212,6.21508,2.03,1.00
2014.07.18 03:35:01.668,6.21212,6.21508,2.72,1.00
2014.07.18 03:35:02.173,6.21222,6.21508,1.07,1.00
2014.07.18 03:35:03.292,6.21222,6.21498,1.07,1.00
2014.07.18 03:35:03.545,6.21212,6.21498,2.03,1.00
2014.07.18 03:35:04.208,6.21212,6.21497,2.85,1.00
2014.07.18 03:35:08.853,6.21212,6.21508,2.85,1.00
2014.07.18 03:35:08.904,6.21212,6.21508,2.03,1.00
2014.07.18 03:35:09.228,6.21212,6.21498,2.03,1.00
2014.07.18 03:35:09.552,6.21212,6.21498,2.53,1.00
2014.07.18 03:35:09.992,6.21222,6.21498,1.15,1.00
2014.07.18 03:35:11.808,6.21223,6.21498,1.68,1.00
2014.07.18 03:35:12.711,6.21212,6.21498,2.03,1.00
2014.07.18 03:35:13.032,6.21212,6.21488,2.03,1.00
2014.07.18 03:35:23.143,6.21212,6.21488,2.10,1.00
2014.07.18 03:35:23.504,6.21203,6.21478,1.20,1.00
2014.07.18 03:35:42.562,6.21202,6.21478,1.40,1.00
2014.07.18 03:36:00.052,6.21192,6.21478,2.03,1.00
2014.07.18 03:36:00.131,6.21192,6.21468,2.03,1.00
2014.07.18 03:36:00.442,6.21192,6.21457,2.03,1.00
2014.07.18 03:36:00.510,6.21172,6.21457,2.03,1.00
2014.07.18 03:36:00.692,6.21172,6.21447,2.03,1.00
2014.07.18 03:36:01.033,6.21172,6.21458,2.03,1.00
2014.07.18 03:36:22.680,6.21172,6.21448,2.10,1.00
2014.07.18 03:36:22.987,6.21153,6.21438,2.57,1.00
2014.07.18 03:36:24.472,6.21163,6.21438,1.13,1.00
2014.07.18 03:36:24.692,6.21153,6.21438,2.03,1.00
2014.07.18 03:36:24.751,6.21153,6.21427,2.03,1.00
2014.07.18 03:37:01.591,6.21142,6.21427,1.18,1.00
2014.07.18 03:37:02.204,6.21132,6.21418,1.05,1.00
2014.07.18 03:37:13.500,6.21122,6.21428,3.46,1.00
2014.07.18 03:37:14.250,6.21132,6.21438,1.08,1.00
2014.07.18 03:37:14.800,6.21142,6.21428,1.15,1.00
2014.07.18 03:37:15.501,6.21123,6.21428,1.11,1.00
2014.07.18 03:37:16.872,6.21122,6.21428,2.62,1.00
2014.07.18 03:37:17.651,6.21122,6.21418,2.62,1.00
2014.07.18 03:37:19.748,6.21122,6.21427,2.62,1.00
2014.07.18 03:37:19.910,6.21122,6.21438,2.61,1.00
2014.07.18 03:37:28.109,6.21122,6.21428,2.61,1.00
2014.07.18 03:37:47.152,6.21122,6.21418,2.67,1.00
2014.07.18 03:37:52.363,6.21122,6.21418,2.03,1.00
2014.07.18 03:37:52.464,6.21122,6.21398,2.03,1.00
2014.07.18 03:37:52.952,6.21122,6.21398,2.37,1.00
2014.07.18 03:37:55.269,6.21122,6.21398,2.03,1.00
2014.07.18 03:38:01.489,6.21122,6.21408,2.03,1.00
2014.07.18 03:38:01.590,6.21103,6.21398,1.30,1.00
2014.07.18 03:38:01.770,6.21103,6.21407,1.30,1.00
2014.07.18 03:38:03.563,6.21089,6.21407,1.73,1.00
2014.07.18 03:38:05.399,6.21089,6.21408,1.73,1.00
2014.07.18 03:38:17.338,6.21089,6.21408,1.73,1.60
2014.07.18 03:38:17.652,6.21082,6.21308,2.25,2.03
2014.07.18 03:38:17.703,6.21123,6.21368,2.03,1.00
2014.07.18 03:38:18.520,6.21123,6.21388,2.03,1.00
2014.07.18 03:38:32.567,6.21123,6.21378,2.03,1.00
2014.07.18 03:38:51.847,6.21123,6.21238,2.03,1.00
2014.07.18 03:38:51.898,6.21102,6.21238,1.50,1.00
2014.07.18 03:38:51.949,6.21001,6.21238,1.75,1.00
2014.07.18 03:38:52.412,6.21092,6.21288,1.88,2.03
2014.07.18 03:38:52.564,6.21122,6.21358,2.03,1.00
2014.07.18 03:38:52.817,6.21122,6.21367,2.03,1.00
2014.07.18 03:38:54.603,6.21122,6.21398,2.03,1.00
2014.07.18 03:38:54.787,6.21122,6.21387,2.03,1.00
2014.07.18 03:39:03.036,6.21122,6.21408,2.03,1.00
2014.07.18 03:39:05.569,6.21122,6.21398,2.03,1.00
2014.07.18 03:39:05.906,6.21063,6.21368,2.03,1.00
2014.07.18 03:39:06.119,6.21063,6.21358,2.03,1.00
2014.07.18 03:39:07.157,6.21063,6.21367,2.03,1.00
2014.07.18 03:39:07.327,6.21063,6.21377,2.03,1.02
2014.07.18 03:39:07.428,6.21063,6.21388,2.03,1.00
2014.07.18 03:39:16.178,6.21063,6.21389,2.03,1.30
2014.07.18 03:39:21.760,6.21092,6.21389,2.03,1.30
2014.07.18 03:39:22.278,6.21092,6.21389,2.03,1.53
2014.07.18 03:39:22.986,6.21092,6.21389,2.03,1.53
2014.07.18 03:39:25.290,6.21092,6.21389,2.03,1.53
2014.07.18 03:39:27.648,6.21092,6.21389,2.03,1.30
2014.07.18 03:39:27.900,6.21092,6.21409,2.03,1.30
2014.07.18 03:39:27.951,6.21092,6.21428,2.03,2.03
2014.07.18 03:39:28.367,6.21092,6.21408,2.03,1.25
2014.07.18 03:39:30.787,6.21092,6.21427,2.03,1.00
2014.07.18 03:39:45.717,6.21092,6.21428,2.03,2.78
2014.07.18 03:39:46.733,6.21092,6.21408,2.03,2.71
2014.07.18 03:40:11.100,6.21143,6.21408,2.03,2.10
2014.07.18 03:40:11.201,6.21143,6.21418,2.03,1.00
2014.07.18 03:40:14.319,6.21143,6.21417,2.03,1.00
2014.07.18 03:40:14.521,6.21063,6.21397,2.03,2.03
2014.07.18 03:40:14.908,6.21063,6.21397,2.03,4.48
2014.07.18 03:40:15.711,6.21063,6.21397,2.03,2.25
2014.07.18 03:40:21.935,6.21142,6.21398,2.03,1.69
2014.07.18 03:40:21.986,6.21142,6.21422,2.03,1.30
2014.07.18 03:40:26.400,6.21142,6.21422,2.03,1.53
2014.07.18 03:40:30.190,6.21142,6.21417,2.03,1.00
2014.07.18 03:40:31.149,6.21142,6.21428,2.03,2.10
2014.07.18 03:40:31.720,6.21142,6.21428,2.03,1.98
2014.07.18 03:40:34.232,6.21142,6.21428,2.03,1.66
2014.07.18 03:40:43.604,6.21142,6.21428,2.03,1.77
2014.07.18 03:40:52.050,6.21152,6.21427,2.03,1.34
2014.07.18 03:40:52.202,6.21152,6.21447,2.03,2.07
2014.07.18 03:40:52.605,6.21152,6.21438,2.03,1.08
2014.07.18 03:40:55.853,6.21152,6.21447,2.03,2.14
2014.07.18 03:41:08.158,6.21152,6.21447,2.03,1.81
2014.07.18 03:41:09.084,6.21152,6.21447,2.03,1.87
2014.07.18 03:41:11.270,6.21152,6.21447,2.03,1.22
2014.07.18 03:41:11.604,6.21152,6.21448,2.03,1.00
2014.07.18 03:41:12.574,6.21152,6.21447,2.03,1.09
2014.07.18 03:41:17.832,6.21152,6.21448,2.03,1.84
2014.07.18 03:41:25.901,6.21152,6.21437,2.03,1.25
2014.07.18 03:41:30.488,6.21152,6.21438,2.03,1.30
2014.07.18 03:41:34.630,6.21152,6.21437,2.03,1.41
2014.07.18 03:41:37.563,6.21152,6.21438,2.03,1.63
2014.07.18 03:41:39.427,6.21152,6.21438,2.03,1.00
2014.07.18 03:41:40.094,6.21152,6.21438,2.03,1.32
2014.07.18 03:41:52.409,6.21122,6.21448,1.50,1.49
2014.07.18 03:41:54.910,6.21122,6.21448,2.25,1.49
2014.07.18 03:42:04.678,6.21122,6.21437,2.25,1.42
2014.07.18 03:42:05.209,6.21122,6.21438,2.25,1.30
2014.07.18 03:42:29.979,6.21112,6.21438,2.25,1.61
2014.07.18 03:42:37.121,6.21112,6.21438,2.25,1.32
2014.07.18 03:42:37.454,6.21112,6.21438,2.25,1.90
2014.07.18 03:42:42.068,6.21112,6.21437,2.25,1.24
2014.07.18 03:42:54.935,6.21112,6.21437,2.25,1.35
2014.07.18 03:43:18.900,6.21112,6.21428,2.25,1.53
2014.07.18 03:43:20.517,6.21142,6.21418,2.03,1.30
2014.07.18 03:43:32.420,6.21152,6.21438,2.03,1.08
2014.07.18 03:43:32.470,6.21152,6.21448,2.03,1.79
2014.07.18 03:43:33.298,6.21152,6.21448,2.03,1.99
2014.07.18 03:43:40.127,6.21152,6.21448,2.03,1.90
2014.07.18 03:43:41.439,6.21152,6.21448,2.03,1.88
2014.07.18 03:43:41.985,6.21083,6.21388,2.03,1.13
2014.07.18 03:43:43.168,6.21083,6.21387,2.03,1.29
2014.07.18 03:43:44.132,6.21083,6.21388,2.03,1.06
2014.07.18 03:43:44.366,6.21083,6.21398,2.03,1.08
2014.07.18 03:44:04.886,6.21083,6.21407,2.03,2.25
2014.07.18 03:44:06.096,6.21083,6.21407,2.03,2.57
2014.07.18 03:44:25.013,6.21083,6.21407,2.78,2.61
2014.07.18 03:44:26.402,6.21083,6.21407,2.78,2.25
2014.07.18 03:45:04.343,6.21122,6.21428,2.03,1.17
2014.07.18 03:45:04.495,6.21122,6.21427,2.03,1.17
2014.07.18 03:45:05.411,6.21122,6.21438,2.03,1.35
2014.07.18 03:46:04.830,6.21077,6.21428,2.05,1.17
2014.07.18 03:46:05.392,6.21077,6.21437,2.05,1.24
2014.07.18 03:46:27.270,6.21074,6.21437,1.75,1.24
2014.07.18 03:46:29.396,6.21074,6.21428,1.75,1.17
2014.07.18 03:46:41.401,6.21065,6.21388,1.30,1.15
2014.07.18 03:46:41.510,6.21083,6.21388,2.03,1.15
2014.07.18 03:46:43.915,6.21083,6.21407,2.03,2.50
2014.07.18 03:46:45.911,6.21083,6.21407,2.03,2.25
2014.07.18 03:46:47.121,6.21083,6.21407,2.03,2.88
2014.07.18 03:46:49.881,6.21083,6.21407,2.78,2.84
2014.07.18 03:46:55.834,6.21096,6.21407,1.35,2.84
2014.07.18 03:46:56.137,6.21262,6.21468,2.03,1.00
2014.07.18 03:46:58.811,6.21302,6.21518,1.00,1.40
2014.07.18 03:46:58.912,6.21352,6.21555,2.03,1.13
2014.07.18 03:46:58.963,6.21352,6.21568,2.03,1.00
2014.07.18 03:46:59.014,6.21382,6.21597,1.30,1.38
2014.07.18 03:46:59.115,6.21367,6.21597,1.50,1.38
2014.07.18 03:46:59.166,6.21367,6.21568,1.50,1.50
2014.07.18 03:46:59.217,6.21352,6.21568,2.03,1.50
2014.07.18 03:46:59.318,6.21303,6.21568,1.30,1.50
2014.07.18 03:46:59.368,6.21312,6.21578,1.00,1.75
2014.07.18 03:47:02.042,6.21312,6.21578,1.00,1.00
2014.07.18 03:47:02.862,6.21323,6.21587,1.00,1.00
2014.07.18 03:47:05.306,6.21333,6.21597,1.00,1.00
2014.07.18 03:47:06.101,6.21332,6.21598,1.00,1.00
2014.07.18 03:47:20.300,6.21342,6.21608,1.00,1.50
2014.07.18 03:47:31.751,6.21343,6.21607,1.00,1.38
2014.07.18 03:47:38.121,6.21332,6.21598,1.00,1.00
2014.07.18 03:47:56.390,6.21312,6.21578,1.00,1.00
2014.07.18 03:47:59.569,6.21303,6.21567,1.00,1.00
2014.07.18 03:48:14.759,6.21302,6.21568,1.00,1.00
2014.07.18 03:48:48.750,6.21312,6.21578,1.00,1.00
2014.07.18 03:49:07.778,6.21303,6.21567,1.00,1.00
2014.07.18 03:49:07.889,6.21312,6.21578,1.00,1.00
2014.07.18 03:49:31.775,6.21302,6.21568,1.00,1.00
2014.07.18 03:49:47.719,6.21312,6.21578,1.00,1.00
2014.07.18 03:49:48.697,6.21302,6.21568,1.00,1.00
2014.07.18 03:50:00.842,6.21292,6.21558,1.00,1.00
2014.07.18 03:50:05.435,6.21302,6.21568,1.00,1.00
2014.07.18 03:50:11.919,6.21312,6.21578,1.00,1.00
2014.07.18 03:50:12.313,6.21302,6.21568,1.00,1.00
2014.07.18 03:50:17.199,6.21312,6.21578,1.00,1.00
2014.07.18 03:50:38.141,6.21302,6.21568,1.00,1.00
2014.07.18 03:50:38.649,6.21303,6.21567,1.00,1.00
2014.07.18 03:50:59.108,6.21302,6.21568,1.00,1.00
2014.07.18 03:50:59.546,6.21292,6.21558,1.00,1.00
2014.07.18 03:51:00.787,6.21302,6.21568,1.00,1.00
2014.07.18 03:51:01.232,6.21292,6.21558,1.00,1.00
2014.07.18 03:51:06.179,6.21302,6.21568,1.00,1.00
2014.07.18 03:51:08.168,6.21293,6.21557,1.00,1.00
2014.07.18 03:51:08.806,6.21292,6.21558,1.00,1.00
2014.07.18 03:52:08.975,6.21312,6.21578,1.00,1.00
2014.07.18 03:52:09.288,6.21303,6.21567,1.00,1.00
2014.07.18 03:52:10.148,6.21302,6.21568,1.00,1.00
2014.07.18 03:52:38.987,6.21303,6.21567,1.00,1.00
2014.07.18 03:52:43.057,6.21302,6.21568,1.00,1.00
2014.07.18 03:52:43.637,6.21303,6.21567,1.00,1.00
2014.07.18 03:52:44.495,6.21302,6.21568,1.00,1.00
2014.07.18 03:53:37.396,6.21293,6.21557,1.00,1.00
2014.07.18 03:53:39.765,6.21283,6.21547,1.00,1.00
2014.07.18 03:53:40.097,6.21293,6.21557,1.00,1.00
2014.07.18 03:53:40.206,6.21302,6.21568,1.00,1.00
2014.07.18 03:53:48.138,6.21292,6.21558,1.00,1.00
2014.07.18 03:53:48.454,6.21283,6.21547,1.00,1.00
2014.07.18 03:53:48.606,6.21292,6.21558,1.00,1.00
2014.07.18 03:53:50.147,6.21282,6.21548,1.00,1.00
2014.07.18 03:54:18.072,6.21292,6.21558,1.00,1.00
2014.07.18 03:54:30.036,6.21302,6.21568,1.00,1.00
2014.07.18 03:54:35.425,6.21292,6.21558,1.00,1.00
2014.07.18 03:54:38.283,6.21303,6.21567,1.00,1.00
2014.07.18 03:54:39.644,6.21312,6.21578,1.00,1.00
2014.07.18 03:54:47.965,6.21313,6.21577,1.00,1.00
2014.07.18 03:54:48.075,6.21302,6.21568,1.00,1.00
2014.07.18 03:54:48.227,6.21282,6.21548,1.00,1.00
2014.07.18 03:54:48.556,6.21302,6.21568,1.00,1.00
2014.07.18 03:55:09.086,6.21313,6.21577,1.00,1.00
2014.07.18 03:55:21.987,6.21293,6.21557,1.00,1.00
2014.07.18 03:55:22.537,6.21292,6.21558,1.00,1.00
2014.07.18 03:55:23.956,6.21302,6.21568,1.00,1.00
2014.07.18 03:55:26.796,6.21292,6.21558,1.00,1.00
2014.07.18 03:55:27.198,6.21302,6.21568,1.00,1.00
2014.07.18 03:56:50.184,6.21282,6.21548,1.00,1.00
2014.07.18 03:56:50.625,6.21272,6.21538,1.00,1.00
2014.07.18 03:57:04.419,6.21262,6.21528,1.00,1.00
2014.07.18 03:57:04.722,6.21252,6.21518,1.00,1.00
2014.07.18 03:57:05.806,6.21262,6.21528,1.00,1.00
2014.07.18 03:57:15.404,6.21252,6.21518,2.78,1.00
2014.07.18 03:57:49.143,6.21262,6.21528,1.00,1.00
2014.07.18 03:57:51.047,6.21282,6.21548,1.00,1.00
2014.07.18 03:57:51.360,6.21282,6.21538,2.03,1.00
2014.07.18 03:57:56.952,6.21282,6.21537,2.03,1.00
2014.07.18 03:57:58.001,6.21282,6.21538,2.03,1.00
2014.07.18 03:58:04.772,6.21282,6.21528,2.03,1.00
2014.07.18 03:58:05.075,6.21263,6.21518,2.03,1.00
2014.07.18 03:58:06.861,6.21263,6.21528,2.03,1.00
2014.07.18 03:58:09.982,6.21263,6.21518,2.03,1.00
2014.07.18 03:58:10.033,6.21252,6.21518,1.00,1.00
2014.07.18 03:58:10.083,6.21232,6.21498,2.78,1.00
2014.07.18 03:58:10.432,6.21242,6.21508,1.00,1.00
2014.07.18 03:58:11.083,6.21253,6.21517,1.00,1.00
2014.07.18 03:58:17.092,6.21232,6.21498,2.78,1.00
2014.07.18 03:58:17.314,6.21243,6.21507,1.00,1.00
2014.07.18 03:58:18.233,6.21252,6.21518,1.00,1.00
2014.07.18 03:58:25.453,6.21243,6.21507,1.00,1.00
2014.07.18 03:58:28.059,6.21253,6.21517,1.00,1.00
2014.07.18 03:58:40.011,6.21242,6.21508,1.00,1.00
2014.07.18 03:58:51.991,6.21252,6.21518,1.00,1.00
2014.07.18 03:58:59.083,6.21262,6.21518,2.03,1.00
2014.07.18 03:58:59.133,6.21262,6.21548,2.03,1.77
2014.07.18 03:59:32.451,6.21262,6.21538,2.03,1.00
2014.07.18 03:59:34.667,6.21262,6.21537,2.03,1.00
2014.07.18 03:59:34.959,6.21242,6.21528,2.78,1.00
2014.07.18 03:59:35.749,6.21243,6.21537,1.38,1.00
2014.07.18 03:59:46.820,6.21263,6.21537,2.03,1.00
2014.07.18 03:59:47.480,6.21263,6.21538,2.03,1.00
2014.07.18 03:59:48.585,6.21263,6.21547,2.03,1.00
2014.07.18 03:59:59.620,6.21263,6.21537,2.03,1.00
