2008.11.18 04:00:09.152,7.02665,7.0367,1.20,1.20
2008.11.18 04:00:14.881,7.02695,7.03695,1.20,1.20
2008.11.18 04:00:15.122,7.0267,7.03675,1.20,1.20
2008.11.18 04:00:15.400,7.02695,7.03695,1.20,1.20
2008.11.18 04:00:15.860,7.027,7.03705,1.20,1.20
2008.11.18 04:00:21.809,7.02725,7.0373,1.20,1.20
2008.11.18 04:00:23.119,7.0278,7.0373,1.20,7.20
2008.11.18 04:00:23.349,7.0278,7.0373,1.20,6.00
2008.11.18 04:00:23.638,7.0278,7.03785,1.20,1.20
2008.11.18 04:00:24.588,7.02755,7.0376,1.20,1.20
2008.11.18 04:00:24.928,7.0278,7.03785,1.20,1.20
2008.11.18 04:00:25.328,7.02775,7.0378,1.20,1.20
2008.11.18 04:00:25.608,7.0284,7.0376,1.20,7.20
2008.11.18 04:00:25.908,7.0284,7.0384,1.20,1.20
2008.11.18 04:00:26.188,7.0283,7.03835,1.20,1.20
2008.11.18 04:00:27.268,7.02805,7.0381,1.20,1.20
2008.11.18 04:00:29.297,7.0283,7.03835,1.20,1.20
2008.11.18 04:00:30.147,7.02805,7.0381,1.20,1.20
2008.11.18 04:00:30.427,7.0278,7.03785,1.20,1.20
2008.11.18 04:00:30.877,7.0281,7.03815,1.20,1.20
2008.11.18 04:00:31.227,7.02805,7.0381,1.20,1.20
2008.11.18 04:00:32.456,7.0283,7.03835,1.20,1.20
2008.11.18 04:00:35.356,7.02805,7.0381,1.20,1.20
2008.11.18 04:00:36.077,7.0283,7.03835,1.20,1.20
2008.11.18 04:00:36.366,7.02805,7.0381,1.20,1.20
2008.11.18 04:00:39.055,7.0278,7.03785,1.20,1.20
2008.11.18 04:00:40.545,7.0284,7.0384,1.20,8.40
2008.11.18 04:00:40.784,7.0283,7.03835,1.20,1.20
2008.11.18 04:00:40.954,7.02805,7.0381,1.20,1.20
2008.11.18 04:00:42.114,7.0278,7.03785,1.20,1.20
2008.11.18 04:00:43.494,7.0281,7.03815,1.20,1.20
2008.11.18 04:00:43.664,7.02805,7.0381,1.20,1.20
2008.11.18 04:00:49.872,7.0278,7.03785,1.20,1.20
2008.11.18 04:00:53.981,7.02755,7.0376,1.20,1.20
2008.11.18 04:00:57.600,7.02755,7.0333,1.20,1.00
2008.11.18 04:01:01.619,7.02755,7.03355,1.20,1.00
2008.11.18 04:01:01.899,7.02755,7.0333,1.20,1.00
2008.11.18 04:01:04.729,7.02755,7.0332,1.20,1.20
2008.11.18 04:01:05.418,7.0197,7.0297,1.20,1.20
2008.11.18 04:01:10.927,7.0199,7.02995,1.20,1.20
2008.11.18 04:01:12.936,7.02045,7.0305,1.20,7.20
2008.11.18 04:01:13.046,7.02045,7.0305,1.20,1.20
2008.11.18 04:01:13.876,7.0202,7.03025,1.20,1.20
2008.11.18 04:01:14.616,7.01995,7.03,1.20,1.20
2008.11.18 04:01:15.006,7.02025,7.0303,1.20,1.20
2008.11.18 04:01:15.346,7.0202,7.03025,1.20,1.20
2008.11.18 04:01:18.225,7.0201,7.03015,1.20,1.20
2008.11.18 04:01:26.823,7.0199,7.02995,1.20,1.20
2008.11.18 04:01:28.283,7.02015,7.0302,1.20,1.20
2008.11.18 04:01:28.403,7.0201,7.03015,1.20,1.20
2008.11.18 04:01:29.383,7.01985,7.0299,1.20,1.20
2008.11.18 04:01:31.412,7.0201,7.03015,1.20,1.20
2008.11.18 04:01:37.522,7.0199,7.02995,1.20,1.20
2008.11.18 04:01:37.801,7.0196,7.02965,1.20,1.20
2008.11.18 04:01:40.350,7.0199,7.02995,1.20,1.20
2008.11.18 04:01:42.830,7.02,7.02935,6.00,1.20
2008.11.18 04:01:43.299,7.01935,7.02935,1.20,1.20
2008.11.18 04:01:45.139,7.0199,7.02995,1.20,1.20
2008.11.18 04:01:45.369,7.01985,7.0299,1.20,1.20
2008.11.18 04:01:45.939,7.0199,7.0288,7.20,1.20
2008.11.18 04:01:46.159,7.0199,7.0288,6.00,1.20
2008.11.18 04:01:46.389,7.01875,7.0288,1.20,1.20
2008.11.18 04:01:46.668,7.01955,7.0296,1.20,1.20
2008.11.18 04:01:47.788,7.0196,7.0291,1.20,1.20
2008.11.18 04:01:48.198,7.01905,7.0291,1.20,1.20
2008.11.18 04:01:50.867,7.01875,7.0288,1.20,1.20
2008.11.18 04:01:53.997,7.01905,7.0291,1.20,1.20
2008.11.18 04:02:05.104,7.01935,7.02935,1.20,1.20
2008.11.18 04:02:07.563,7.01905,7.0291,1.20,1.20
2008.11.18 04:02:31.108,7.01875,7.0288,1.20,1.20
2008.11.18 04:02:31.578,7.0191,7.02855,6.00,1.20
2008.11.18 04:02:31.638,7.0185,7.02855,1.20,1.20
2008.11.18 04:02:37.996,7.01825,7.02825,1.20,1.20
2008.11.18 04:02:38.446,7.01905,7.0283,1.20,6.00
2008.11.18 04:02:38.746,7.01905,7.0291,1.20,1.20
2008.11.18 04:02:39.066,7.01875,7.0288,1.20,1.20
2008.11.18 04:02:40.436,7.01905,7.0291,1.20,1.20
2008.11.18 04:02:45.544,7.01875,7.0288,1.20,1.20
2008.11.18 04:02:45.904,7.0191,7.02855,7.20,1.20
2008.11.18 04:02:46.144,7.0188,7.028,7.20,1.20
2008.11.18 04:02:46.424,7.01765,7.0277,1.20,1.20
2008.11.18 04:02:47.104,7.0174,7.0274,1.20,1.20
2008.11.18 04:02:47.574,7.0171,7.02715,1.20,1.20
2008.11.18 04:02:48.045,7.01875,7.0271,1.20,1.20
2008.11.18 04:02:48.214,7.01875,7.0288,1.20,1.20
2008.11.18 04:02:48.513,7.0188,7.02825,6.00,1.20
2008.11.18 04:02:48.923,7.01825,7.02825,1.20,1.20
2008.11.18 04:02:50.213,7.01795,7.028,1.20,1.20
2008.11.18 04:02:50.393,7.01765,7.0277,1.20,1.20
2008.11.18 04:02:50.683,7.0174,7.0274,1.20,1.20
2008.11.18 04:02:52.763,7.01765,7.0277,1.20,1.20
2008.11.18 04:02:55.412,7.01795,7.028,1.20,1.20
2008.11.18 04:02:56.612,7.01765,7.0277,1.20,1.20
2008.11.18 04:03:03.400,7.0174,7.0274,1.20,1.20
2008.11.18 04:03:11.448,7.01765,7.0277,1.20,1.20
2008.11.18 04:03:23.065,7.0174,7.0274,1.20,1.20
2008.11.18 04:03:53.008,7.01765,7.0277,1.20,1.20
2008.11.18 04:04:05.535,7.01795,7.028,1.20,1.20
2008.11.18 04:04:29.470,7.01765,7.0277,1.20,1.20
2008.11.18 04:04:36.227,7.0174,7.0274,1.20,1.20
2008.11.18 04:04:43.496,7.01765,7.0277,1.20,1.20
2008.11.18 04:04:45.285,7.01765,7.0271,1.20,1.20
2008.11.18 04:04:45.405,7.01765,7.0277,1.20,1.20
2008.11.18 04:04:45.635,7.0177,7.02685,7.20,1.20
2008.11.18 04:04:45.815,7.0168,7.02685,1.20,1.20
2008.11.18 04:04:47.325,7.01655,7.0266,1.20,1.20
2008.11.18 04:04:49.114,7.0168,7.02685,1.20,1.20
2008.11.18 04:04:50.544,7.0169,7.02605,7.20,1.20
2008.11.18 04:04:50.844,7.0163,7.0263,1.20,1.20
2008.11.18 04:04:51.204,7.01655,7.0266,1.20,1.20
2008.11.18 04:04:53.473,7.0168,7.02685,1.20,1.20
2008.11.18 04:04:58.862,7.0177,7.02715,7.20,1.20
2008.11.18 04:04:59.162,7.0177,7.02685,1.20,1.20
2008.11.18 04:04:59.392,7.0168,7.02685,1.20,1.20
2008.11.18 04:05:05.470,7.01655,7.0266,1.20,1.20
2008.11.18 04:05:07.490,7.01645,7.02645,1.20,1.20
2008.11.18 04:05:08.980,7.0162,7.02615,1.20,1.20
2008.11.18 04:05:12.588,7.0163,7.0263,1.20,1.20
2008.11.18 04:05:23.657,7.0157,7.02575,1.20,1.20
2008.11.18 04:05:28.895,7.01545,7.02545,1.20,1.20
2008.11.18 04:05:29.405,7.0157,7.02575,1.20,1.20
2008.11.18 04:05:31.464,7.0158,7.0252,6.00,1.20
2008.11.18 04:05:31.694,7.01515,7.0252,1.20,1.20
2008.11.18 04:05:31.984,7.0158,7.0252,6.00,1.20
2008.11.18 04:05:32.104,7.0157,7.02575,1.20,1.20
2008.11.18 04:05:39.692,7.016,7.02605,1.20,1.20
2008.11.18 04:05:41.492,7.0157,7.02575,1.20,1.20
2008.11.18 04:05:41.961,7.016,7.02605,1.20,1.20
2008.11.18 04:05:42.672,7.0157,7.02575,1.20,1.20
2008.11.18 04:05:42.901,7.016,7.02605,1.20,1.20
2008.11.18 04:05:43.311,7.0163,7.0263,1.20,1.20
2008.11.18 04:05:45.771,7.0163,7.0252,7.20,1.20
2008.11.18 04:05:46.071,7.016,7.02605,1.20,1.20
2008.11.18 04:05:46.361,7.0157,7.02575,1.20,1.20
2008.11.18 04:05:46.810,7.016,7.02605,1.20,1.20
2008.11.18 04:05:47.380,7.01655,7.026,1.20,1.20
2008.11.18 04:05:47.610,7.01655,7.0266,1.20,1.20
2008.11.18 04:05:47.950,7.0168,7.02685,1.20,1.20
2008.11.18 04:05:49.060,7.01655,7.0266,1.20,1.20
2008.11.18 04:05:51.720,7.0171,7.0266,1.20,7.20
2008.11.18 04:05:52.139,7.0171,7.0266,1.20,1.20
2008.11.18 04:05:52.419,7.0168,7.02685,1.20,1.20
2008.11.18 04:05:52.829,7.0171,7.02715,1.20,1.20
2008.11.18 04:05:52.999,7.0168,7.02685,1.20,1.20
2008.11.18 04:05:53.449,7.01655,7.0266,1.20,1.20
2008.11.18 04:05:55.219,7.0163,7.0263,1.20,1.20
2008.11.18 04:05:55.558,7.016,7.02605,1.20,1.20
2008.11.18 04:06:17.023,7.0157,7.02575,1.20,1.20
2008.11.18 04:06:21.582,7.01565,7.0256,1.20,1.20
2008.11.18 04:06:23.372,7.0154,7.0254,1.20,1.20
2008.11.18 04:06:23.832,7.01535,7.02535,1.20,1.20
2008.11.18 04:06:26.581,7.0155,7.02545,1.20,1.20
2008.11.18 04:06:27.011,7.01545,7.02545,1.20,1.20
2008.11.18 04:06:32.460,7.0154,7.0254,1.20,1.20
2008.11.18 04:06:35.849,7.0155,7.02555,1.20,1.20
2008.11.18 04:06:38.268,7.01515,7.0252,1.20,1.20
2008.11.18 04:06:38.768,7.01515,7.0163,1.20,3.00
2008.11.18 04:06:42.457,7.01485,7.0163,1.20,3.00
2008.11.18 04:06:42.797,7.0145,7.0158,1.20,1.80
2008.11.18 04:06:43.037,7.0149,7.0158,6.00,1.80
2008.11.18 04:06:43.317,7.0137,7.0158,1.20,1.80
2008.11.18 04:06:43.597,7.0134,7.0152,1.20,1.80
2008.11.18 04:06:43.877,7.01315,7.0152,1.20,1.80
2008.11.18 04:06:44.258,7.0129,7.0152,1.20,1.80
2008.11.18 04:06:44.706,7.0123,7.0152,1.20,1.80
2008.11.18 04:06:45.206,7.012,7.0152,1.20,1.80
2008.11.18 04:06:45.556,7.01175,7.0152,1.20,1.80
2008.11.18 04:06:45.896,7.01145,7.0152,1.20,1.80
2008.11.18 04:06:46.306,7.0112,7.0152,1.20,1.80
2008.11.18 04:06:47.166,7.01065,7.0152,1.20,1.80
2008.11.18 04:06:47.636,7.0109,7.0152,1.20,1.80
2008.11.18 04:06:48.406,7.01065,7.0152,1.20,1.80
2008.11.18 04:06:49.615,7.0109,7.0152,1.20,1.80
2008.11.18 04:06:49.895,7.0112,7.0152,1.20,1.80
2008.11.18 04:06:51.585,7.01125,7.0152,1.20,1.80
2008.11.18 04:06:51.945,7.0118,7.0152,1.20,1.80
2008.11.18 04:06:53.484,7.0121,7.0152,1.20,1.80
2008.11.18 04:06:54.064,7.0124,7.0152,1.20,1.80
2008.11.18 04:06:54.534,7.01265,7.0152,1.20,1.80
2008.11.18 04:06:54.874,7.01295,7.0152,1.20,1.80
2008.11.18 04:06:55.394,7.01265,7.0152,1.20,1.80
2008.11.18 04:06:55.674,7.0135,7.0152,1.20,1.80
2008.11.18 04:06:57.544,7.0132,7.0152,1.20,1.80
2008.11.18 04:06:59.663,7.0135,7.0152,1.20,1.80
2008.11.18 04:07:00.233,7.0136,7.0152,6.00,1.80
2008.11.18 04:07:00.573,7.0124,7.0152,1.20,1.80
2008.11.18 04:07:04.722,7.0124,7.0152,1.20,1.80
2008.11.18 04:07:50.720,7.0124,7.0152,7.20,1.80
2008.11.18 04:07:51.000,7.0105,7.0152,6.00,1.80
2008.11.18 04:08:02.158,7.01205,7.0152,1.20,1.80
2008.11.18 04:08:09.116,7.0118,7.0152,1.20,1.80
2008.11.18 04:08:44.298,7.01205,7.0152,1.20,1.80
2008.11.18 04:08:44.698,7.01235,7.0152,1.20,1.80
2008.11.18 04:08:47.607,7.01205,7.0152,1.20,1.80
2008.11.18 04:08:48.007,7.01235,7.0152,1.20,1.80
2008.11.18 04:08:53.645,7.01345,7.0152,1.20,1.80
2008.11.18 04:08:54.335,7.0137,7.0152,1.20,1.80
2008.11.18 04:08:55.775,7.01345,7.0152,1.20,1.80
2008.11.18 04:08:55.945,7.014,7.0152,1.20,1.80
2008.11.18 04:08:57.455,7.0137,7.0152,1.20,1.80
2008.11.18 04:08:57.964,7.01345,7.0152,1.20,1.80
2008.11.18 04:08:58.175,7.0137,7.0152,1.20,1.80
2008.11.18 04:08:58.464,7.01345,7.0152,1.20,1.80
2008.11.18 04:08:58.574,7.0137,7.0152,1.20,1.80
2008.11.18 04:08:58.804,7.01345,7.0152,1.20,1.80
2008.11.18 04:08:59.084,7.0138,7.0152,7.20,1.80
2008.11.18 04:08:59.304,7.0132,7.0152,1.20,1.80
2008.11.18 04:08:59.715,7.0143,7.0158,1.20,1.80
2008.11.18 04:09:00.654,7.01455,7.0158,1.20,1.80
2008.11.18 04:09:06.132,7.01485,7.0158,1.20,1.80
2008.11.18 04:09:06.252,7.01485,7.0159,1.20,1.20
2008.11.18 04:09:12.871,7.01515,7.0163,1.20,3.00
2008.11.18 04:09:13.431,7.0154,7.0163,1.20,3.00
2008.11.18 04:09:13.720,7.0154,7.02545,1.20,1.20
2008.11.18 04:09:19.939,7.01565,7.0257,1.20,1.20
2008.11.18 04:09:20.479,7.01515,7.0163,1.20,3.00
2008.11.18 04:09:20.879,7.01595,7.026,1.20,1.20
2008.11.18 04:09:21.178,7.01565,7.0257,1.20,1.20
2008.11.18 04:09:21.399,7.01595,7.026,1.20,1.20
2008.11.18 04:09:22.568,7.01565,7.0257,1.20,1.20
2008.11.18 04:09:23.659,7.0154,7.02545,1.20,1.20
2008.11.18 04:09:24.058,7.01565,7.0257,1.20,1.20
2008.11.18 04:09:24.928,7.0154,7.02545,1.20,1.20
2008.11.18 04:09:25.788,7.01515,7.02515,1.20,1.20
2008.11.18 04:09:26.128,7.01515,7.0163,1.20,3.00
2008.11.18 04:09:26.598,7.01485,7.0163,1.20,3.00
2008.11.18 04:09:26.887,7.01485,7.0159,1.20,1.20
2008.11.18 04:09:27.237,7.01455,7.0159,1.20,1.20
2008.11.18 04:09:27.687,7.01455,7.0158,1.20,1.80
2008.11.18 04:10:00.100,7.01485,7.0158,1.20,1.80
2008.11.18 04:10:00.459,7.0148,7.0159,1.20,1.20
2008.11.18 04:10:00.619,7.01485,7.0159,1.20,1.20
2008.11.18 04:10:03.148,7.01515,7.0163,1.20,3.00
2008.11.18 04:10:05.888,7.0154,7.0163,1.20,3.00
2008.11.18 04:10:05.998,7.0154,7.02545,1.20,1.20
2008.11.18 04:10:07.798,7.01515,7.02515,1.20,1.20
2008.11.18 04:10:08.387,7.01515,7.0163,1.20,3.00
2008.11.18 04:10:11.386,7.01485,7.0163,1.20,3.00
2008.11.18 04:10:11.737,7.01485,7.0159,1.20,1.20
2008.11.18 04:10:12.656,7.0148,7.0159,1.20,1.20
2008.11.18 04:10:27.353,7.01505,7.0163,1.20,3.00
2008.11.18 04:10:27.633,7.01515,7.0163,1.20,3.00
2008.11.18 04:10:29.012,7.0152,7.0163,7.20,3.00
2008.11.18 04:10:29.292,7.0148,7.0163,1.20,3.00
2008.11.18 04:10:29.412,7.0148,7.0159,1.20,1.20
2008.11.18 04:10:30.032,7.01485,7.0159,1.20,1.20
2008.11.18 04:10:31.062,7.01515,7.0159,1.20,1.20
2008.11.18 04:10:31.122,7.01515,7.0163,1.20,3.00
2008.11.18 04:10:33.571,7.01485,7.0163,1.20,3.00
2008.11.18 04:10:33.901,7.01485,7.0159,1.20,1.20
2008.11.18 04:11:08.533,7.01455,7.0159,1.20,1.20
2008.11.18 04:11:08.703,7.01455,7.0158,1.20,1.80
2008.11.18 04:11:11.322,7.01485,7.0158,1.20,1.80
2008.11.18 04:11:11.652,7.01485,7.0159,1.20,1.20
2008.11.18 04:11:14.281,7.0154,7.0159,1.20,1.20
2008.11.18 04:11:14.631,7.0154,7.0249,1.20,6.00
2008.11.18 04:11:14.911,7.0154,7.02545,1.20,1.20
2008.11.18 04:11:16.561,7.01515,7.02515,1.20,1.20
2008.11.18 04:11:17.031,7.01485,7.0163,1.20,3.00
2008.11.18 04:11:17.211,7.01485,7.0159,1.20,1.20
2008.11.18 04:11:17.961,7.01565,7.0249,1.20,1.20
2008.11.18 04:11:18.140,7.01565,7.0257,1.20,1.20
2008.11.18 04:11:18.320,7.01565,7.0163,1.20,3.00
2008.11.18 04:11:18.500,7.01515,7.0163,1.20,3.00
2008.11.18 04:11:18.960,7.01565,7.0163,1.20,3.00
2008.11.18 04:11:19.080,7.01515,7.0163,1.20,3.00
2008.11.18 04:11:19.360,7.01595,7.0163,1.20,3.00
2008.11.18 04:11:19.560,7.01595,7.026,1.20,1.20
2008.11.18 04:11:20.020,7.01625,7.02625,1.20,1.20
2008.11.18 04:11:20.410,7.0162,7.0262,1.20,1.20
2008.11.18 04:11:20.930,7.0163,7.0263,1.20,1.20
2008.11.18 04:11:21.220,7.0165,7.02655,1.20,1.20
2008.11.18 04:11:22.649,7.01625,7.02625,1.20,1.20
2008.11.18 04:11:25.259,7.01595,7.026,1.20,1.20
2008.11.18 04:11:28.008,7.01565,7.0257,1.20,1.20
2008.11.18 04:11:40.275,7.0157,7.02515,7.20,1.20
2008.11.18 04:11:40.495,7.0157,7.02515,6.00,1.20
2008.11.18 04:11:40.605,7.01515,7.02515,1.20,1.20
2008.11.18 04:11:40.775,7.01515,7.0163,1.20,3.00
2008.11.18 04:11:41.405,7.0152,7.0163,7.20,3.00
2008.11.18 04:11:41.575,7.01485,7.0163,1.20,3.00
2008.11.18 04:11:42.095,7.01455,7.0163,1.20,3.00
2008.11.18 04:11:45.844,7.01485,7.0163,1.20,3.00
2008.11.18 04:11:46.424,7.01485,7.0159,1.20,1.20
2008.11.18 04:11:53.552,7.01515,7.0159,1.20,1.20
2008.11.18 04:11:53.612,7.01515,7.0163,1.20,3.00
2008.11.18 04:11:53.942,7.01485,7.0163,1.20,3.00
2008.11.18 04:11:54.062,7.01485,7.0159,1.20,1.20
2008.11.18 04:12:01.740,7.0155,7.0249,6.00,1.20
2008.11.18 04:12:02.091,7.0155,7.0246,6.00,1.20
2008.11.18 04:12:02.200,7.01455,7.0246,1.20,1.20
2008.11.18 04:12:03.089,7.01485,7.0249,1.20,1.20
2008.11.18 04:12:03.660,7.01485,7.0159,1.20,1.20
2008.11.18 04:12:04.639,7.01515,7.0159,1.20,1.20
2008.11.18 04:12:04.869,7.01515,7.0163,1.20,3.00
2008.11.18 04:12:08.268,7.01485,7.0163,1.20,3.00
2008.11.18 04:12:08.848,7.01515,7.0163,1.20,3.00
2008.11.18 04:12:09.238,7.01485,7.0163,1.20,3.00
2008.11.18 04:12:09.638,7.01485,7.0159,1.20,1.20
2008.11.18 04:12:10.558,7.0149,7.0159,6.00,1.20
2008.11.18 04:12:10.828,7.0143,7.0159,1.20,1.20
2008.11.18 04:12:11.127,7.0143,7.0158,1.20,1.80
2008.11.18 04:12:12.007,7.01455,7.0158,1.20,1.80
2008.11.18 04:12:12.178,7.0143,7.0158,1.20,1.80
2008.11.18 04:12:14.527,7.01455,7.0158,1.20,1.80
2008.11.18 04:12:15.757,7.01485,7.0159,1.20,1.20
2008.11.18 04:12:16.046,7.0149,7.0159,7.20,1.20
2008.11.18 04:12:16.266,7.01455,7.0158,1.20,1.80
2008.11.18 04:12:16.616,7.0143,7.0158,1.20,1.80
2008.11.18 04:12:25.854,7.01485,7.0158,1.20,1.80
2008.11.18 04:12:25.974,7.01485,7.0159,1.20,1.20
2008.11.18 04:12:26.264,7.01455,7.0159,1.20,1.20
2008.11.18 04:12:26.384,7.01455,7.0158,1.20,1.80
2008.11.18 04:12:30.533,7.0143,7.0158,1.20,1.80
2008.11.18 04:12:34.282,7.01485,7.0158,1.20,1.80
2008.11.18 04:12:34.452,7.01485,7.0159,1.20,1.20
2008.11.18 04:12:34.622,7.0149,7.0159,7.20,1.20
2008.11.18 04:12:34.792,7.0143,7.0159,1.20,1.20
2008.11.18 04:12:36.241,7.01455,7.0159,1.20,1.20
2008.11.18 04:12:36.411,7.0143,7.0159,1.20,1.20
2008.11.18 04:12:38.001,7.01455,7.0159,1.20,1.20
2008.11.18 04:12:38.222,7.0143,7.0159,1.20,1.20
2008.11.18 04:12:38.621,7.014,7.0158,1.20,1.80
2008.11.18 04:12:39.031,7.014,7.0152,1.20,1.80
2008.11.18 04:12:40.191,7.0143,7.0158,1.20,1.80
2008.11.18 04:12:40.701,7.0145,7.0158,1.20,1.80
2008.11.18 04:13:03.125,7.0137,7.0158,1.20,1.80
2008.11.18 04:13:03.455,7.0137,7.0152,1.20,1.80
2008.11.18 04:13:07.834,7.014,7.0152,1.20,1.80
2008.11.18 04:13:09.544,7.0137,7.0152,1.20,1.80
2008.11.18 04:13:12.123,7.01345,7.0152,1.20,1.80
2008.11.18 04:13:19.601,7.0137,7.0152,1.20,1.80
2008.11.18 04:13:20.071,7.014,7.0152,1.20,1.80
2008.11.18 04:13:20.681,7.0141,7.0152,6.00,1.80
2008.11.18 04:13:20.921,7.0129,7.0152,1.20,1.80
2008.11.18 04:13:23.910,7.013,7.0152,6.00,1.80
2008.11.18 04:13:24.140,7.01235,7.0152,1.20,1.80
2008.11.18 04:13:28.619,7.0129,7.0152,1.20,1.80
2008.11.18 04:13:28.789,7.013,7.0152,6.00,1.80
2008.11.18 04:13:29.309,7.01235,7.0152,1.20,1.80
2008.11.18 04:13:30.669,7.0124,7.0152,1.20,1.80
2008.11.18 04:13:31.248,7.0126,7.0152,1.20,1.80
2008.11.18 04:13:31.798,7.01205,7.0152,1.20,1.80
2008.11.18 04:13:41.786,7.01235,7.0152,1.20,1.80
2008.11.18 04:13:42.246,7.0124,7.0152,6.00,1.80
2008.11.18 04:13:42.355,7.0118,7.0152,1.20,1.80
2008.11.18 04:13:47.425,7.01205,7.0152,1.20,1.80
2008.11.18 04:13:47.744,7.0121,7.0152,7.20,1.80
2008.11.18 04:13:47.864,7.0121,7.0152,6.00,1.80
2008.11.18 04:13:48.044,7.0115,7.0152,1.20,1.80
2008.11.18 04:14:00.621,7.0118,7.0152,1.20,1.80
2008.11.18 04:14:01.591,7.0115,7.0152,1.20,1.80
2008.11.18 04:14:01.991,7.01135,7.0152,1.20,1.80
2008.11.18 04:14:04.590,7.01165,7.0152,1.20,1.80
2008.11.18 04:14:07.129,7.0117,7.0152,1.20,1.80
2008.11.18 04:14:09.549,7.0114,7.0152,1.20,1.80
2008.11.18 04:14:12.058,7.0115,7.0152,1.20,1.80
2008.11.18 04:14:12.398,7.0116,7.0152,6.00,1.80
2008.11.18 04:14:12.619,7.01125,7.0152,1.20,1.80
2008.11.18 04:14:12.798,7.01095,7.0152,1.20,1.80
2008.11.18 04:14:13.588,7.0108,7.0152,1.20,1.80
2008.11.18 04:14:15.148,7.0105,7.0152,7.20,1.80
2008.11.18 04:14:15.657,7.0105,7.0152,6.00,1.80
2008.11.18 04:14:59.347,7.0105,7.0152,7.20,1.80
2008.11.18 04:15:02.116,7.0106,7.0152,6.00,1.80
2008.11.18 04:15:02.296,7.0105,7.0152,6.00,1.80
2008.11.18 04:15:03.906,7.0105,7.0152,7.20,1.80
2008.11.18 04:15:04.316,7.0111,7.0152,1.20,1.80
2008.11.18 04:15:04.766,7.0112,7.0152,6.00,1.80
2008.11.18 04:15:04.886,7.0105,7.0152,6.00,1.80
2008.11.18 04:15:04.996,7.0111,7.0152,1.20,1.80
2008.11.18 04:15:09.665,7.01105,7.0152,1.20,1.80
2008.11.18 04:15:10.164,7.0116,7.0152,1.20,1.80
2008.11.18 04:15:10.444,7.0119,7.0152,1.20,1.80
2008.11.18 04:15:10.665,7.01215,7.0152,1.20,1.80
2008.11.18 04:15:11.354,7.01135,7.0152,1.20,1.80
2008.11.18 04:15:12.694,7.0114,7.0152,7.20,1.80
2008.11.18 04:15:12.814,7.0114,7.0152,6.00,1.80
2008.11.18 04:15:12.924,7.0108,7.0152,1.20,1.80
2008.11.18 04:15:13.683,7.01085,7.0152,1.20,1.80
2008.11.18 04:15:22.092,7.0106,7.0152,1.20,1.80
2008.11.18 04:15:25.171,7.0106,7.0152,6.00,1.80
2008.11.18 04:15:25.461,7.0105,7.0152,6.00,1.80
2008.11.18 04:16:04.771,7.0105,7.0152,7.20,1.80
2008.11.18 04:16:04.891,7.0105,7.0152,13.20,1.80
2008.11.18 04:16:34.124,7.0105,7.0152,7.20,1.80
2008.11.18 04:16:34.284,7.0105,7.0152,6.00,1.80
2008.11.18 04:17:02.199,7.00303,7.01097,3.00,1.20
2008.11.18 04:17:02.499,7.00367,7.01107,3.00,1.20
2008.11.18 04:17:02.908,7.0037,7.0114,1.20,9.60
2008.11.18 04:17:03.828,7.00435,7.01175,1.20,1.20
2008.11.18 04:17:12.086,7.00523,7.01293,1.20,1.20
2008.11.18 04:17:12.266,7.00672,7.01352,1.20,1.20
2008.11.18 04:17:12.676,7.00727,7.01387,1.20,1.20
2008.11.18 04:17:15.315,7.00679,7.01399,10.20,1.20
2008.11.18 04:17:23.323,7.0065,7.0136,3.00,1.20
2008.11.18 04:17:23.783,7.0064,7.0137,3.00,1.20
2008.11.18 04:17:24.433,7.0067,7.0146,6.00,1.20
2008.11.18 04:17:26.513,7.0078,7.0154,1.20,7.20
2008.11.18 04:17:26.753,7.00839,7.01569,3.00,6.00
2008.11.18 04:17:27.503,7.00856,7.01506,1.20,7.20
2008.11.18 04:17:27.952,7.00839,7.01484,1.20,9.60
2008.11.18 04:17:28.132,7.0082,7.0141,4.20,1.20
2008.11.18 04:17:38.510,7.00745,7.0133,9.00,1.20
2008.11.18 04:17:39.390,7.00656,7.01271,3.00,1.20
2008.11.18 04:17:39.730,7.00634,7.01224,3.00,1.20
2008.11.18 04:17:40.089,7.00659,7.01199,3.00,1.20
2008.11.18 04:17:41.239,7.00664,7.01199,3.00,1.20
2008.11.18 04:17:44.679,7.00674,7.01179,1.20,1.20
2008.11.18 04:17:45.438,7.00648,7.01163,6.00,1.20
2008.11.18 04:17:45.838,7.0061,7.01135,1.20,1.20
2008.11.18 04:17:47.378,7.00599,7.01094,6.00,1.20
2008.11.18 04:17:47.767,7.00548,7.01103,1.20,1.20
2008.11.18 04:17:48.107,7.00493,7.01073,6.00,1.20
2008.11.18 04:17:48.388,7.00395,7.01005,3.00,1.20
2008.11.18 04:17:48.867,7.00336,7.00916,3.00,1.20
2008.11.18 04:17:49.267,7.00359,7.00989,1.20,1.20
2008.11.18 04:17:49.717,7.00503,7.01138,1.20,1.20
2008.11.18 04:17:51.167,7.00556,7.01221,3.00,1.20
2008.11.18 04:17:53.086,7.00572,7.01227,1.20,9.60
2008.11.18 04:17:53.486,7.00582,7.01267,1.20,1.20
2008.11.18 04:17:53.936,7.00653,7.01308,1.20,1.20
2008.11.18 04:17:54.856,7.00697,7.01382,3.00,1.20
2008.11.18 04:17:55.746,7.00706,7.01421,6.00,1.20
2008.11.18 04:17:57.205,7.00652,7.01422,3.00,1.20
2008.11.18 04:17:57.665,7.00599,7.01339,1.20,1.20
2008.11.18 04:17:58.265,7.00493,7.01298,3.00,1.20
2008.11.18 04:17:58.425,7.00467,7.01232,1.20,1.20
2008.11.18 04:17:58.705,7.00448,7.01253,1.20,1.20
2008.11.18 04:17:59.045,7.0052,7.0126,4.20,1.20
2008.11.18 04:17:59.225,7.00526,7.01321,1.20,7.20
2008.11.18 04:18:02.357,7.00353,7.01153,1.20,1.20
2008.11.18 04:18:02.527,7.00414,7.01179,3.00,1.20
2008.11.18 04:18:02.637,7.00413,7.01188,1.20,1.20
2008.11.18 04:18:02.697,7.00381,7.01146,1.20,1.20
2008.11.18 04:18:02.817,7.00328,7.01103,6.00,1.20
2008.11.18 04:18:03.097,7.00279,7.01079,1.20,1.20
2008.11.18 04:18:03.446,7.00283,7.01058,6.00,1.20
2008.11.18 04:18:03.556,7.00297,7.01072,3.00,1.20
2008.11.18 04:18:03.667,7.00327,7.01092,1.20,1.20
2008.11.18 04:18:05.286,7.0033,7.0113,1.20,1.20
2008.11.18 04:18:05.455,7.00357,7.01127,1.20,1.20
2008.11.18 04:18:05.666,7.00365,7.01105,1.20,1.20
2008.11.18 04:18:05.956,7.00278,7.01083,1.20,1.20
2008.11.18 04:18:06.186,7.0024,7.0098,3.00,1.20
2008.11.18 04:18:07.245,7.00279,7.01023,1.20,1.20
2008.11.18 04:18:08.025,7.00421,7.01196,1.20,1.20
2008.11.18 04:18:08.485,7.00534,7.01299,4.20,1.20
2008.11.18 04:18:10.205,7.00555,7.01355,1.20,1.20
2008.11.18 04:18:14.934,7.00549,7.01349,1.20,1.20
2008.11.18 04:18:17.713,7.00533,7.01338,3.00,1.20
2008.11.18 04:18:20.872,7.0054,7.01345,1.20,1.20
2008.11.18 04:18:31.440,7.00558,7.01363,1.20,1.20
2008.11.18 04:18:35.909,7.00574,7.01379,1.20,1.20
2008.11.18 04:18:37.968,7.00579,7.01384,3.00,1.20
2008.11.18 04:18:38.248,7.00571,7.01376,1.20,1.20
2008.11.18 04:18:38.468,7.0061,7.0134,1.20,7.20
2008.11.18 04:18:45.137,7.00633,7.01398,3.00,1.20
2008.11.18 04:18:46.396,7.00702,7.01477,1.20,1.20
2008.11.18 04:18:49.665,7.00729,7.01474,3.00,1.20
2008.11.18 04:18:49.775,7.00651,7.01386,3.00,1.20
2008.11.18 04:18:50.115,7.00544,7.01344,3.00,1.20
2008.11.18 04:18:50.235,7.00554,7.01294,3.00,1.20
2008.11.18 04:18:50.655,7.00546,7.01351,10.20,1.20
2008.11.18 04:18:53.085,7.0058,7.0138,3.00,1.20
2008.11.18 04:18:53.264,7.00576,7.01381,6.00,1.20
2008.11.18 04:18:53.844,7.00548,7.01348,3.00,1.20
2008.11.18 04:18:54.174,7.00529,7.01314,3.00,1.20
2008.11.18 04:18:54.594,7.00548,7.01313,1.20,9.60
2008.11.18 04:18:56.294,7.0057,7.0137,1.20,1.20
2008.11.18 04:18:56.594,7.00615,7.014,3.00,1.20
2008.11.18 04:18:56.774,7.00638,7.01423,6.00,1.20
2008.11.18 04:18:58.153,7.00646,7.01406,6.00,1.20
2008.11.18 04:18:58.723,7.00592,7.01347,3.00,1.20
2008.11.18 04:18:58.963,7.00497,7.01237,3.00,1.20
2008.11.18 04:18:59.193,7.00408,7.01178,1.20,1.20
2008.11.18 04:19:00.659,7.00378,7.01154,1.20,7.20
2008.11.18 04:19:00.939,7.00361,7.01106,3.00,1.20
2008.11.18 04:19:01.738,7.00365,7.0117,1.20,1.20
2008.11.18 04:19:02.028,7.00441,7.01246,3.00,1.20
2008.11.18 04:19:02.378,7.00512,7.01257,3.00,1.20
2008.11.18 04:19:02.738,7.00453,7.01253,1.20,1.20
2008.11.18 04:19:03.148,7.00383,7.01188,1.20,1.20
2008.11.18 04:19:03.488,7.0033,7.0113,1.20,1.20
2008.11.18 04:19:03.978,7.00313,7.01113,3.00,1.20
2008.11.18 04:19:04.558,7.00333,7.01133,3.00,1.20
2008.11.18 04:19:04.728,7.00392,7.01117,3.00,1.20
2008.11.18 04:19:06.545,7.00337,7.01132,6.00,1.20
2008.11.18 04:19:06.777,7.0031,7.01055,1.20,1.20
2008.11.18 04:19:07.077,7.00259,7.01059,1.20,9.60
2008.11.18 04:19:07.427,7.0029,7.0109,1.20,1.20
2008.11.18 04:19:07.867,7.00339,7.01139,1.20,1.20
2008.11.18 04:19:08.277,7.00399,7.01134,3.00,1.20
2008.11.18 04:19:08.727,7.004,7.012,1.20,1.20
2008.11.18 04:19:09.197,7.00501,7.01281,1.20,7.20
2008.11.18 04:19:09.517,7.00647,7.01397,6.00,1.20
2008.11.18 04:19:09.986,7.00675,7.0143,3.00,1.20
2008.11.18 04:19:10.336,7.00582,7.01327,3.00,1.20
2008.11.18 04:19:10.806,7.00495,7.01295,1.20,1.20
2008.11.18 04:19:11.496,7.00482,7.01287,6.00,1.20
2008.11.18 04:19:11.886,7.00504,7.01299,3.00,1.20
2008.11.18 04:19:12.306,7.00556,7.01296,3.00,1.20
2008.11.18 04:19:12.715,7.00544,7.01259,1.20,1.20
2008.11.18 04:19:13.515,7.00456,7.01141,3.00,1.20
2008.11.18 04:19:14.036,7.00346,7.00981,4.20,1.20
2008.11.18 04:19:14.495,7.00277,7.00882,4.20,1.20
2008.11.18 04:19:14.845,7.00321,7.00891,6.00,1.20
2008.11.18 04:19:15.485,7.00464,7.01009,1.20,1.20
2008.11.18 04:19:15.935,7.006,7.01165,3.00,1.20
2008.11.18 04:19:18.354,7.00681,7.01216,3.00,1.20
2008.11.18 04:19:18.704,7.00625,7.0119,3.00,1.20
2008.11.18 04:19:23.923,7.00553,7.01088,10.20,1.20
2008.11.18 04:19:24.423,7.00516,7.01021,6.00,1.20
2008.11.18 04:19:24.883,7.00498,7.01033,3.00,1.20
2008.11.18 04:19:24.943,7.00525,7.0103,3.00,1.20
2008.11.18 04:19:25.173,7.00547,7.01082,3.00,1.20
2008.11.18 04:19:27.132,7.00628,7.01133,4.20,1.20
2008.11.18 04:19:27.412,7.00649,7.01184,6.00,1.20
2008.11.18 04:19:27.712,7.00618,7.01158,1.20,6.00
2008.11.18 04:19:28.272,7.00537,7.01107,3.00,1.20
2008.11.18 04:19:28.552,7.00463,7.01003,1.20,9.60
2008.11.18 04:19:28.832,7.0033,7.009,10.20,1.20
2008.11.18 04:19:29.222,7.00233,7.00798,1.20,1.20
2008.11.18 04:19:29.501,7.00253,7.00873,3.00,7.20
2008.11.18 04:19:30.361,7.00455,7.01055,1.20,1.20
2008.11.18 04:19:30.802,7.00609,7.01199,3.00,1.20
2008.11.18 04:19:31.322,7.00665,7.01285,1.20,1.20
2008.11.18 04:19:31.971,7.00664,7.01254,1.20,1.20
2008.11.18 04:19:32.311,7.00574,7.01194,1.20,1.20
2008.11.18 04:19:32.821,7.0048,7.01125,1.20,9.60
2008.11.18 04:19:34.041,7.00426,7.01101,1.20,9.60
2008.11.18 04:19:37.520,7.00416,7.01146,6.00,1.20
2008.11.18 04:19:38.040,7.00444,7.01204,1.20,1.20
2008.11.18 04:19:38.900,7.00457,7.01247,3.00,1.20
2008.11.18 04:19:39.179,7.00468,7.01258,1.20,1.20
2008.11.18 04:19:39.863,7.00504,7.01254,3.00,1.20
2008.11.18 04:19:40.049,7.00519,7.01284,1.20,2.40
2008.11.18 04:19:42.419,7.00528,7.01333,3.00,1.20
2008.11.18 04:19:42.589,7.0055,7.01355,1.20,1.20
2008.11.18 04:19:42.869,7.00532,7.01337,1.20,1.20
2008.11.18 04:19:45.748,7.00475,7.0128,1.20,1.20
2008.11.18 04:19:47.067,7.00431,7.01236,3.00,1.20
2008.11.18 04:19:48.467,7.00432,7.01232,1.20,9.60
2008.11.18 04:19:48.867,7.00479,7.01244,1.20,1.20
2008.11.18 04:19:50.667,7.00502,7.01307,3.00,1.20
2008.11.18 04:19:51.796,7.00534,7.01334,6.00,1.20
2008.11.18 04:20:05.020,7.00495,7.01295,1.20,1.20
2008.11.18 04:20:05.649,7.00504,7.01304,1.20,1.20
2008.11.18 04:20:06.159,7.0051,7.01315,6.00,1.20
2008.11.18 04:20:06.609,7.0053,7.0133,1.20,1.20
2008.11.18 04:20:08.229,7.00566,7.01366,6.00,1.20
2008.11.18 04:20:08.679,7.0059,7.0139,1.20,1.20
2008.11.18 04:20:08.849,7.0061,7.01335,1.20,1.20
2008.11.18 04:20:09.128,7.00539,7.01309,1.20,1.20
2008.11.18 04:20:09.349,7.00486,7.01281,3.00,1.20
2008.11.18 04:20:09.578,7.00495,7.0126,1.20,1.20
2008.11.18 04:20:09.978,7.00487,7.01292,3.00,1.20
2008.11.18 04:20:10.398,7.00496,7.01296,3.00,1.20
2008.11.18 04:20:11.168,7.00501,7.01306,3.00,1.20
2008.11.18 04:20:11.398,7.00527,7.01277,1.20,1.20
2008.11.18 04:20:11.668,7.00464,7.01269,4.20,1.20
2008.11.18 04:20:12.308,7.00393,7.01198,3.00,1.20
2008.11.18 04:20:12.718,7.00313,7.01113,6.00,1.20
2008.11.18 04:20:14.667,7.00245,7.01045,3.00,1.20
2008.11.18 04:20:18.126,7.00208,7.01008,1.20,1.20
2008.11.18 04:20:26.834,7.00229,7.01034,4.20,1.20
2008.11.18 04:20:27.234,7.00363,7.01168,10.20,1.20
2008.11.18 04:20:27.574,7.00593,7.01398,1.20,1.20
2008.11.18 04:20:28.474,7.00733,7.01539,6.00,1.20
2008.11.18 04:20:28.814,7.00697,7.01502,3.00,1.20
2008.11.18 04:20:28.984,7.00626,7.01431,6.00,1.20
2008.11.18 04:20:29.164,7.00536,7.01341,1.20,1.20
2008.11.18 04:20:29.854,7.00435,7.01235,3.00,1.20
2008.11.18 04:20:30.853,7.00343,7.01148,1.20,2.40
2008.11.18 04:20:31.253,7.00289,7.01089,1.20,1.20
2008.11.18 04:20:33.233,7.00254,7.01044,1.20,1.20
2008.11.18 04:20:33.523,7.00226,7.00986,1.20,1.20
2008.11.18 04:20:33.803,7.00176,7.00976,3.00,1.20
2008.11.18 04:20:34.502,7.00217,7.00952,3.00,1.20
2008.11.18 04:20:34.782,7.0026,7.0102,6.00,1.20
2008.11.18 04:20:36.672,7.00364,7.01094,4.20,1.20
2008.11.18 04:20:37.182,7.00449,7.01209,1.20,1.20
2008.11.18 04:20:37.472,7.00561,7.01251,3.00,1.20
2008.11.18 04:20:37.872,7.00524,7.01329,3.00,1.20
2008.11.18 04:20:38.341,7.00459,7.01264,1.20,1.20
2008.11.18 04:20:38.921,7.00288,7.01093,3.00,1.20
2008.11.18 04:20:39.311,7.00063,7.00868,3.00,1.20
2008.11.18 04:20:39.551,6.99965,7.00769,10.20,1.20
2008.11.18 04:20:39.721,7.00038,7.00843,3.00,1.20
2008.11.18 04:20:40.371,7.00089,7.00879,1.20,7.20
2008.11.18 04:20:41.431,7.0009,7.0086,3.00,6.00
2008.11.18 04:20:41.611,7.00079,7.00844,4.20,1.20
2008.11.18 04:20:41.960,7.00076,7.00881,3.00,1.20
2008.11.18 04:20:42.350,7.00104,7.00909,3.00,1.20
2008.11.18 04:20:42.860,7.00118,7.00923,1.20,1.20
2008.11.18 04:20:43.030,7.00125,7.0093,10.20,1.20
2008.11.18 04:20:43.650,7.00179,7.00909,3.00,1.20
2008.11.18 04:20:44.040,7.00171,7.00976,3.00,1.20
2008.11.18 04:20:45.799,7.00241,7.01041,3.00,1.20
2008.11.18 04:20:46.089,7.00355,7.0116,3.00,1.20
2008.11.18 04:20:47.369,7.00499,7.01279,3.00,6.00
2008.11.18 04:20:47.789,7.00596,7.01356,1.20,1.20
2008.11.18 04:20:48.079,7.00619,7.01309,3.00,1.20
2008.11.18 04:20:48.649,7.00456,7.01256,3.00,1.20
2008.11.18 04:20:49.229,7.00391,7.01021,1.20,1.20
2008.11.18 04:20:49.979,7.00275,7.00905,1.20,1.20
2008.11.18 04:20:50.159,7.00221,7.00851,4.20,1.20
2008.11.18 04:20:50.339,7.0024,7.0078,4.20,1.20
2008.11.18 04:20:51.658,7.00206,7.00751,3.00,1.20
2008.11.18 04:20:52.748,7.00177,7.00747,3.00,1.20
2008.11.18 04:20:54.258,7.00195,7.00825,3.00,1.20
2008.11.18 04:20:54.777,7.00293,7.00948,3.00,1.20
2008.11.18 04:20:56.067,7.00397,7.01082,3.00,1.20
2008.11.18 04:20:56.407,7.005,7.01155,1.20,1.20
2008.11.18 04:20:56.527,7.00564,7.01249,1.20,1.20
2008.11.18 04:20:56.747,7.00641,7.01356,1.20,2.40
2008.11.18 04:20:56.917,7.00707,7.01417,3.00,1.20
2008.11.18 04:21:04.519,7.0105,7.0152,7.20,1.80
2008.11.18 04:21:04.869,7.0105,7.0152,13.20,1.80
2008.11.18 04:21:05.730,7.0105,7.0152,12.00,1.80
2008.11.18 04:21:05.899,7.0105,7.0152,6.00,1.80
2008.11.18 04:21:11.827,7.0105,7.0152,7.20,1.80
2008.11.18 04:21:12.057,7.0105,7.0152,13.20,1.80
2008.11.18 04:21:15.996,7.01075,7.0152,1.20,1.80
2008.11.18 04:21:21.095,7.01155,7.0152,1.20,1.80
2008.11.18 04:21:21.705,7.0113,7.0152,1.20,1.80
2008.11.18 04:21:24.104,7.01155,7.0152,1.20,1.80
2008.11.18 04:21:25.144,7.01185,7.0152,1.20,1.80
2008.11.18 04:21:25.384,7.0119,7.0152,6.00,1.80
2008.11.18 04:21:25.504,7.0113,7.0152,1.20,1.80
2008.11.18 04:21:29.983,7.011,7.0152,1.20,1.80
2008.11.18 04:21:40.290,7.01155,7.0152,1.20,1.80
2008.11.18 04:21:43.420,7.0113,7.0152,1.20,1.80
2008.11.18 04:21:43.650,7.0116,7.0152,6.00,1.80
2008.11.18 04:21:43.709,7.011,7.0152,1.20,1.80
2008.11.18 04:21:44.439,7.01075,7.0152,1.20,1.80
2008.11.18 04:21:45.499,7.0108,7.0152,7.20,1.80
2008.11.18 04:21:45.709,7.0113,7.0152,1.20,1.80
2008.11.18 04:21:46.329,7.01115,7.0152,1.20,1.80
2008.11.18 04:21:46.619,7.0106,7.0152,1.20,1.80
2008.11.18 04:21:49.708,7.01115,7.0152,1.20,1.80
2008.11.18 04:21:50.048,7.0109,7.0152,1.20,1.80
2008.11.18 04:21:50.408,7.01115,7.0152,1.20,1.80
2008.11.18 04:21:50.988,7.011,7.0152,1.20,1.80
2008.11.18 04:21:55.946,7.01075,7.0152,1.20,1.80
2008.11.18 04:22:05.354,7.011,7.0152,1.20,1.80
2008.11.18 04:22:05.874,7.01075,7.0152,1.20,1.80
2008.11.18 04:22:06.194,7.0108,7.0152,6.00,1.80
2008.11.18 04:22:06.494,7.0105,7.0152,13.20,1.80
2008.11.18 04:22:08.843,7.0113,7.0152,1.20,1.80
2008.11.18 04:22:09.253,7.0114,7.0152,6.00,1.80
2008.11.18 04:22:09.373,7.01075,7.0152,1.20,1.80
2008.11.18 04:22:09.703,7.0113,7.0152,1.20,1.80
2008.11.18 04:22:19.721,7.01155,7.0152,1.20,1.80
2008.11.18 04:22:29.368,7.0113,7.0152,1.20,1.80
2008.11.18 04:22:31.338,7.01155,7.0152,1.20,1.80
2008.11.18 04:22:31.568,7.01165,7.0152,1.20,1.80
2008.11.18 04:22:31.968,7.0119,7.0152,1.20,1.80
2008.11.18 04:22:33.407,7.0125,7.0152,6.00,1.80
2008.11.18 04:22:33.518,7.01245,7.0152,1.20,1.80
2008.11.18 04:22:33.857,7.01275,7.0152,1.20,1.80
2008.11.18 04:22:34.267,7.0128,7.0152,7.20,1.80
2008.11.18 04:22:34.557,7.01215,7.0152,1.20,1.80
2008.11.18 04:22:34.907,7.01295,7.0152,1.20,1.80
2008.11.18 04:22:35.317,7.01215,7.0152,1.20,1.80
2008.11.18 04:22:35.727,7.0124,7.0152,1.20,1.80
2008.11.18 04:22:35.957,7.01215,7.0152,1.20,1.80
2008.11.18 04:22:36.817,7.01185,7.0152,1.20,1.80
2008.11.18 04:22:40.206,7.01155,7.0152,1.20,1.80
2008.11.18 04:23:04.080,7.01185,7.0152,1.20,1.80
2008.11.18 04:23:09.949,7.0124,7.0152,1.20,1.80
2008.11.18 04:23:12.658,7.0127,7.0152,1.20,1.80
2008.11.18 04:23:14.887,7.01295,7.0152,1.20,1.80
2008.11.18 04:23:25.885,7.0127,7.0152,1.20,1.80
2008.11.18 04:23:33.163,7.01325,7.0152,1.20,1.80
2008.11.18 04:23:33.693,7.0133,7.0152,7.20,1.80
2008.11.18 04:23:34.083,7.01295,7.0152,1.20,1.80
2008.11.18 04:23:35.582,7.0127,7.0152,1.20,1.80
2008.11.18 04:23:36.472,7.0124,7.0152,1.20,1.80
2008.11.18 04:23:36.922,7.01215,7.0152,1.20,1.80
2008.11.18 04:23:37.272,7.01295,7.0152,1.20,1.80
2008.11.18 04:23:40.131,7.0127,7.0152,1.20,1.80
2008.11.18 04:23:40.361,7.01265,7.0152,1.20,1.80
2008.11.18 04:23:40.951,7.0127,7.0152,1.20,1.80
2008.11.18 04:23:42.211,7.0124,7.0152,1.20,1.80
2008.11.18 04:23:42.721,7.01215,7.0152,1.20,1.80
2008.11.18 04:23:43.081,7.01185,7.0152,1.20,1.80
2008.11.18 04:23:43.530,7.01155,7.0152,1.20,1.80
2008.11.18 04:23:43.980,7.0113,7.0152,1.20,1.80
2008.11.18 04:23:44.201,7.01155,7.0152,1.20,1.80
2008.11.18 04:23:44.790,7.01185,7.0152,1.20,1.80
2008.11.18 04:23:45.083,7.01155,7.0152,1.20,1.80
2008.11.18 04:23:45.600,7.01185,7.0152,1.20,1.80
2008.11.18 04:23:45.840,7.01155,7.0152,1.20,1.80
2008.11.18 04:23:46.580,7.0113,7.0152,1.20,1.80
2008.11.18 04:23:48.929,7.01155,7.0152,1.20,1.80
2008.11.18 04:23:50.659,7.01185,7.0152,1.20,1.80
2008.11.18 04:23:50.929,7.01155,7.0152,1.20,1.80
2008.11.18 04:23:51.389,7.01185,7.0152,1.20,1.80
2008.11.18 04:23:51.968,7.01155,7.0152,1.20,1.80
2008.11.18 04:23:53.188,7.01185,7.0152,1.20,1.80
2008.11.18 04:23:53.358,7.01155,7.0152,1.20,1.80
2008.11.18 04:23:54.628,7.0113,7.0152,1.20,1.80
2008.11.18 04:23:54.968,7.01155,7.0152,1.20,1.80
2008.11.18 04:23:55.318,7.01185,7.0152,1.20,1.80
2008.11.18 04:23:55.488,7.01155,7.0152,1.20,1.80
2008.11.18 04:23:58.197,7.01185,7.0152,1.20,1.80
2008.11.18 04:23:58.587,7.01155,7.0152,1.20,1.80
2008.11.18 04:23:59.747,7.01185,7.0152,1.20,1.80
2008.11.18 04:24:01.466,7.01155,7.0152,1.20,1.80
2008.11.18 04:24:01.766,7.01185,7.0152,1.20,1.80
2008.11.18 04:24:06.385,7.01155,7.0152,1.20,1.80
2008.11.18 04:24:13.123,7.01185,7.0152,1.20,1.80
2008.11.18 04:24:17.912,7.0124,7.0152,1.20,1.80
2008.11.18 04:24:18.092,7.01215,7.0152,1.20,1.80
2008.11.18 04:24:18.432,7.0124,7.0152,1.20,1.80
2008.11.18 04:24:18.602,7.0127,7.0152,1.20,1.80
2008.11.18 04:24:40.377,7.0119,7.0152,1.20,1.80
2008.11.18 04:24:44.296,7.0105,7.0152,6.00,1.80
2008.11.18 04:24:44.766,7.0206,7.0306,7.20,1.20
2008.11.18 04:24:56.413,7.0208,7.03085,1.20,1.20
2008.11.18 04:25:01.102,7.02055,7.0306,1.20,1.20
2008.11.18 04:25:02.111,7.0206,7.03,7.20,1.20
2008.11.18 04:25:02.461,7.01995,7.03,1.20,1.20
2008.11.18 04:25:05.231,7.02025,7.0303,1.20,1.20
2008.11.18 04:25:05.581,7.01995,7.03,1.20,1.20
2008.11.18 04:25:08.180,7.02395,7.03,1.20,7.20
2008.11.18 04:25:08.300,7.02395,7.03,1.20,6.00
2008.11.18 04:25:08.470,7.02425,7.03425,1.20,1.20
2008.11.18 04:25:11.379,7.02395,7.034,1.20,1.20
2008.11.18 04:25:32.054,7.02425,7.03425,1.20,1.20
2008.11.18 04:25:32.564,7.0245,7.03455,1.20,1.20
2008.11.18 04:25:48.390,7.02425,7.03425,1.20,1.20
2008.11.18 04:25:49.090,7.0245,7.03455,1.20,1.20
2008.11.18 04:25:56.848,7.02425,7.03425,1.20,1.20
2008.11.18 04:26:03.627,7.0245,7.03455,1.20,1.20
2008.11.18 04:26:07.076,7.0248,7.03485,1.20,1.20
2008.11.18 04:26:14.024,7.0245,7.03455,1.20,1.20
2008.11.18 04:26:14.484,7.02425,7.03425,1.20,1.20
2008.11.18 04:26:15.634,7.02425,7.0335,1.20,6.00
2008.11.18 04:26:15.754,7.0243,7.03345,1.20,1.20
2008.11.18 04:26:15.984,7.0234,7.03345,1.20,1.20
2008.11.18 04:26:16.093,7.0234,7.03205,1.20,1.20
2008.11.18 04:26:16.213,7.0232,7.03205,7.20,1.20
2008.11.18 04:26:16.784,7.0217,7.03175,1.20,1.20
2008.11.18 04:26:17.243,7.0215,7.03095,6.00,1.20
2008.11.18 04:26:17.463,7.0206,7.03065,1.20,1.20
2008.11.18 04:26:17.863,7.02035,7.03035,1.20,1.20
2008.11.18 04:26:18.323,7.0243,7.0306,1.20,1.20
2008.11.18 04:26:18.863,7.02455,7.0346,1.20,1.20
2008.11.18 04:26:20.393,7.02515,7.03515,1.20,1.20
2008.11.18 04:26:21.242,7.0254,7.03545,1.20,1.20
2008.11.18 04:26:21.762,7.0257,7.0357,1.20,1.20
2008.11.18 04:26:21.992,7.02595,7.0354,1.20,1.20
2008.11.18 04:26:22.342,7.02595,7.036,1.20,1.20
2008.11.18 04:26:22.732,7.02625,7.0363,1.20,1.20
2008.11.18 04:26:23.072,7.02595,7.036,1.20,1.20
2008.11.18 04:26:23.362,7.02625,7.0363,1.20,1.20
2008.11.18 04:26:23.882,7.02595,7.036,1.20,1.20
2008.11.18 04:26:24.222,7.02625,7.0363,1.20,1.20
2008.11.18 04:26:26.131,7.02595,7.036,1.20,1.20
2008.11.18 04:26:30.810,7.026,7.03515,7.20,1.20
2008.11.18 04:26:30.930,7.0265,7.036,1.20,7.20
2008.11.18 04:26:31.110,7.0265,7.0352,1.20,6.00
2008.11.18 04:26:31.410,7.02625,7.0363,1.20,1.20
2008.11.18 04:26:31.860,7.02595,7.0354,1.20,1.20
2008.11.18 04:26:32.150,7.02625,7.0357,1.20,1.20
2008.11.18 04:26:32.510,7.0265,7.03655,1.20,1.20
2008.11.18 04:26:33.029,7.02625,7.0363,1.20,1.20
2008.11.18 04:26:33.479,7.02595,7.036,1.20,1.20
2008.11.18 04:26:35.369,7.02625,7.0363,1.20,1.20
2008.11.18 04:26:35.599,7.02595,7.036,1.20,1.20
2008.11.18 04:26:38.578,7.02625,7.0363,1.20,1.20
2008.11.18 04:26:48.256,7.0263,7.03405,7.20,1.20
2008.11.18 04:26:48.436,7.0263,7.03405,1.20,1.20
2008.11.18 04:26:48.556,7.02365,7.0337,1.20,1.20
2008.11.18 04:26:48.716,7.02345,7.0335,1.20,1.20
2008.11.18 04:26:49.136,7.02315,7.03315,1.20,1.20
2008.11.18 04:26:49.436,7.0232,7.03265,7.20,1.20
2008.11.18 04:26:49.616,7.02315,7.03315,1.20,1.20
2008.11.18 04:26:52.785,7.0232,7.0332,1.20,1.20
2008.11.18 04:26:53.544,7.02345,7.0335,1.20,1.20
2008.11.18 04:26:55.374,7.0235,7.03295,7.20,1.20
2008.11.18 04:26:55.984,7.0229,7.03295,1.20,1.20
2008.11.18 04:26:56.204,7.0226,7.03265,1.20,1.20
2008.11.18 04:27:02.682,7.02235,7.0324,1.20,1.20
2008.11.18 04:27:03.062,7.02205,7.0321,1.20,1.20
2008.11.18 04:27:03.462,7.02235,7.0324,1.20,1.20
2008.11.18 04:27:04.492,7.0229,7.0324,1.20,7.20
2008.11.18 04:27:04.672,7.023,7.0324,6.00,1.20
2008.11.18 04:27:04.962,7.02235,7.0324,1.20,1.20
2008.11.18 04:27:06.552,7.025,7.0324,1.20,6.00
2008.11.18 04:27:06.831,7.025,7.034,1.20,6.00
2008.11.18 04:27:07.051,7.02525,7.034,1.20,6.00
2008.11.18 04:27:07.621,7.02525,7.03525,1.20,1.20
2008.11.18 04:27:08.421,7.02565,7.03565,1.20,1.20
2008.11.18 04:27:08.651,7.02585,7.0358,1.20,1.20
2008.11.18 04:27:10.201,7.0247,7.0347,1.20,1.20
2008.11.18 04:27:10.601,7.025,7.03495,1.20,1.20
2008.11.18 04:27:11.300,7.02485,7.0349,1.20,1.20
2008.11.18 04:27:14.400,7.0257,7.0349,1.20,6.00
2008.11.18 04:27:14.459,7.0257,7.0357,1.20,1.20
2008.11.18 04:27:15.049,7.02595,7.036,1.20,1.20
2008.11.18 04:27:15.559,7.0265,7.036,1.20,7.20
2008.11.18 04:27:15.780,7.0265,7.03655,1.20,1.20
2008.11.18 04:27:16.299,7.0268,7.03685,1.20,1.20
2008.11.18 04:27:17.469,7.0265,7.03655,1.20,1.20
2008.11.18 04:27:21.818,7.0268,7.03685,1.20,1.20
2008.11.18 04:27:22.908,7.02705,7.0371,1.20,1.20
2008.11.18 04:27:23.197,7.02705,7.03705,1.20,1.20
2008.11.18 04:27:24.457,7.0271,7.03655,7.20,1.20
2008.11.18 04:27:24.557,7.0271,7.03655,6.00,1.20
2008.11.18 04:27:24.787,7.0265,7.03655,1.20,1.20
2008.11.18 04:27:37.544,7.02625,7.0363,1.20,1.20
2008.11.18 04:27:37.994,7.0266,7.036,6.00,1.20
2008.11.18 04:27:38.114,7.02595,7.036,1.20,1.20
2008.11.18 04:27:47.032,7.0257,7.0357,1.20,1.20
2008.11.18 04:27:47.492,7.0254,7.03545,1.20,1.20
2008.11.18 04:27:52.020,7.0256,7.03565,1.20,1.20
2008.11.18 04:27:54.070,7.0262,7.0362,1.20,7.20
2008.11.18 04:27:54.180,7.0262,7.0362,1.20,1.20
2008.11.18 04:27:54.600,7.02625,7.0363,1.20,1.20
2008.11.18 04:27:57.349,7.0263,7.0357,7.20,1.20
2008.11.18 04:27:57.849,7.0257,7.0357,1.20,1.20
2008.11.18 04:27:58.189,7.0259,7.03595,1.20,1.20
2008.11.18 04:27:58.419,7.02595,7.036,1.20,1.20
2008.11.18 04:28:03.368,7.02705,7.036,1.20,7.20
2008.11.18 04:28:03.658,7.02705,7.0371,1.20,1.20
2008.11.18 04:28:03.778,7.02735,7.0374,1.20,1.20
2008.11.18 04:28:03.948,7.0273,7.03735,1.20,1.20
2008.11.18 04:28:04.408,7.02755,7.0376,1.20,1.20
2008.11.18 04:28:06.487,7.0276,7.0368,1.20,1.20
2008.11.18 04:28:06.827,7.02705,7.03705,1.20,1.20
2008.11.18 04:28:07.047,7.02675,7.0368,1.20,1.20
2008.11.18 04:28:07.636,7.0268,7.0363,7.20,1.20
2008.11.18 04:28:07.977,7.02675,7.0368,1.20,8.40
2008.11.18 04:28:08.326,7.0265,7.03655,1.20,1.20
2008.11.18 04:28:09.346,7.02625,7.0363,1.20,1.20
2008.11.18 04:28:10.386,7.0263,7.03545,7.20,1.20
2008.11.18 04:28:10.506,7.0263,7.03545,6.00,1.20
2008.11.18 04:28:10.616,7.0254,7.03545,1.20,1.20
2008.11.18 04:28:11.836,7.0243,7.03435,1.20,1.20
2008.11.18 04:28:12.156,7.024,7.03405,1.20,1.20
2008.11.18 04:28:21.473,7.0243,7.03435,1.20,1.20
2008.11.18 04:28:22.123,7.02455,7.0346,1.20,1.20
2008.11.18 04:28:22.403,7.0243,7.03435,1.20,1.20
2008.11.18 04:28:22.803,7.02485,7.0349,1.20,1.20
2008.11.18 04:28:23.283,7.0252,7.0346,7.20,1.20
2008.11.18 04:28:23.403,7.02515,7.03515,1.20,1.20
2008.11.18 04:28:23.523,7.02485,7.0349,1.20,1.20
2008.11.18 04:28:24.063,7.0254,7.0349,1.20,7.20
2008.11.18 04:28:24.183,7.0257,7.0357,1.20,1.20
2008.11.18 04:28:24.712,7.0249,7.03495,1.20,1.20
2008.11.18 04:28:25.042,7.02485,7.0349,1.20,1.20
2008.11.18 04:28:25.543,7.02455,7.0346,1.20,1.20
2008.11.18 04:28:25.832,7.02485,7.0349,1.20,1.20
2008.11.18 04:28:30.321,7.02455,7.0346,1.20,1.20
2008.11.18 04:28:30.811,7.02485,7.0349,1.20,1.20
2008.11.18 04:28:31.281,7.02515,7.03515,1.20,1.20
2008.11.18 04:28:33.390,7.02485,7.0349,1.20,1.20
2008.11.18 04:28:34.080,7.0248,7.03485,1.20,1.20
2008.11.18 04:29:04.513,7.0251,7.0351,1.20,1.20
2008.11.18 04:29:05.483,7.02515,7.03515,1.20,1.20
2008.11.18 04:29:07.612,7.0257,7.0357,1.20,8.40
2008.11.18 04:29:07.962,7.0257,7.0357,1.20,2.40
2008.11.18 04:29:08.302,7.0257,7.0357,1.20,1.20
2008.11.18 04:29:20.439,7.0258,7.03515,6.00,1.20
2008.11.18 04:29:20.679,7.02515,7.03515,1.20,1.20
2008.11.18 04:29:21.079,7.0251,7.0351,1.20,1.20
2008.11.18 04:29:25.188,7.02485,7.0349,1.20,1.20
2008.11.18 04:29:34.286,7.02455,7.0346,1.20,1.20
2008.11.18 04:29:52.031,7.02465,7.03465,1.20,1.20
2008.11.18 04:29:52.971,7.02485,7.0349,1.20,1.20
2008.11.18 04:29:55.051,7.0257,7.0349,1.20,7.20
2008.11.18 04:29:55.271,7.02595,7.036,1.20,1.20
2008.11.18 04:29:55.671,7.0268,7.03685,1.20,1.20
2008.11.18 04:29:55.841,7.02735,7.0368,1.20,1.20
2008.11.18 04:29:56.070,7.0265,7.03655,1.20,1.20
2008.11.18 04:29:56.640,7.0273,7.0365,1.20,1.20
2008.11.18 04:29:57.030,7.0273,7.03735,1.20,1.20
2008.11.18 04:29:57.380,7.02705,7.0371,1.20,1.20
2008.11.18 04:29:57.730,7.0273,7.03735,1.20,1.20
2008.11.18 04:30:01.179,7.02705,7.0371,1.20,1.20
2008.11.18 04:30:05.438,7.0268,7.03685,1.20,1.20
2008.11.18 04:30:06.188,7.0268,7.0361,1.20,1.20
2008.11.18 04:30:06.348,7.0257,7.0357,1.20,1.20
2008.11.18 04:30:06.578,7.0261,7.03545,6.00,1.20
2008.11.18 04:30:06.808,7.026,7.03545,7.20,1.20
2008.11.18 04:30:07.038,7.0254,7.03545,1.20,1.20
2008.11.18 04:30:07.248,7.0257,7.0357,1.20,1.20
2008.11.18 04:30:24.084,7.02585,7.0358,1.20,1.20
2008.11.18 04:30:31.582,7.0257,7.0357,1.20,1.20
2008.11.18 04:30:41.320,7.0254,7.03545,1.20,1.20
2008.11.18 04:30:41.930,7.0257,7.0357,1.20,1.20
2008.11.18 04:30:42.109,7.02515,7.03515,1.20,1.20
2008.11.18 04:30:44.469,7.02485,7.0349,1.20,1.20
2008.11.18 04:30:45.269,7.02455,7.0346,1.20,1.20
2008.11.18 04:30:45.558,7.02485,7.0349,1.20,1.20
2008.11.18 04:30:46.029,7.02515,7.03515,1.20,1.20
2008.11.18 04:30:46.208,7.02485,7.0349,1.20,1.20
2008.11.18 04:30:49.078,7.02515,7.03515,1.20,1.20
2008.11.18 04:30:49.468,7.0254,7.0349,1.20,1.20
2008.11.18 04:30:49.758,7.0254,7.03545,1.20,1.20
2008.11.18 04:30:50.537,7.0257,7.0357,1.20,1.20
2008.11.18 04:30:50.987,7.02595,7.036,1.20,7.20
2008.11.18 04:30:51.267,7.02595,7.036,1.20,1.20
2008.11.18 04:30:51.997,7.0257,7.0357,1.20,1.20
2008.11.18 04:31:13.322,7.0265,7.0357,1.20,1.20
2008.11.18 04:31:13.432,7.0266,7.036,6.00,1.20
2008.11.18 04:31:13.732,7.02595,7.036,1.20,1.20
2008.11.18 04:31:23.509,7.026,7.03545,7.20,1.20
2008.11.18 04:31:23.679,7.026,7.03545,6.00,1.20
2008.11.18 04:31:23.799,7.0254,7.03545,1.20,1.20
2008.11.18 04:31:23.969,7.0257,7.0357,1.20,1.20
2008.11.18 04:31:24.449,7.0254,7.03545,1.20,1.20
2008.11.18 04:31:27.398,7.02595,7.036,1.20,7.20
2008.11.18 04:31:27.788,7.02595,7.036,1.20,1.20
2008.11.18 04:31:32.667,7.0257,7.0357,1.20,1.20
2008.11.18 04:31:32.847,7.02595,7.036,1.20,1.20
2008.11.18 04:31:34.167,7.02595,7.0354,1.20,1.20
2008.11.18 04:31:34.277,7.026,7.03545,6.00,1.20
2008.11.18 04:31:34.337,7.0254,7.03545,1.20,1.20
2008.11.18 04:31:36.466,7.02595,7.0354,1.20,1.20
2008.11.18 04:31:36.526,7.02595,7.036,1.20,7.20
2008.11.18 04:31:36.816,7.02595,7.036,1.20,1.20
2008.11.18 04:31:51.863,7.0257,7.0357,1.20,1.20
2008.11.18 04:31:52.372,7.02595,7.036,1.20,1.20
2008.11.18 04:31:58.911,7.026,7.03545,7.20,1.20
2008.11.18 04:31:59.021,7.0254,7.03545,1.20,1.20
2008.11.18 04:31:59.431,7.02595,7.0354,1.20,1.20
2008.11.18 04:31:59.651,7.02595,7.036,1.20,1.20
2008.11.18 04:32:04.580,7.02625,7.0363,1.20,1.20
2008.11.18 04:32:04.869,7.0265,7.03655,1.20,1.20
2008.11.18 04:32:05.349,7.02625,7.0363,1.20,1.20
2008.11.18 04:32:05.579,7.0254,7.03545,1.20,1.20
2008.11.18 04:32:05.809,7.0257,7.0357,1.20,1.20
2008.11.18 04:32:06.279,7.0254,7.03545,1.20,1.20
2008.11.18 04:32:07.019,7.0257,7.0357,1.20,1.20
2008.11.18 04:32:08.209,7.0254,7.03545,1.20,1.20
2008.11.18 04:32:08.448,7.02515,7.03515,1.20,1.20
2008.11.18 04:32:08.909,7.0254,7.03545,1.20,1.20
2008.11.18 04:32:09.718,7.02625,7.0354,1.20,1.20
2008.11.18 04:32:10.118,7.02625,7.0355,1.20,6.00
2008.11.18 04:32:10.298,7.0263,7.03545,7.20,1.20
2008.11.18 04:32:10.688,7.0263,7.0357,6.00,1.20
2008.11.18 04:32:10.868,7.0254,7.03545,1.20,1.20
2008.11.18 04:32:12.907,7.02595,7.036,1.20,7.20
2008.11.18 04:32:13.307,7.02595,7.036,1.20,1.20
2008.11.18 04:32:23.225,7.02625,7.0363,1.20,1.20
2008.11.18 04:32:23.555,7.0268,7.0363,1.20,7.20
2008.11.18 04:32:23.735,7.0268,7.03685,1.20,1.20
2008.11.18 04:32:27.004,7.0268,7.0363,1.20,1.20
2008.11.18 04:32:27.284,7.02625,7.0363,1.20,1.20
2008.11.18 04:32:27.974,7.0263,7.0357,1.20,1.20
2008.11.18 04:32:28.274,7.0257,7.0357,1.20,1.20
2008.11.18 04:32:31.143,7.02625,7.0363,1.20,1.20
2008.11.18 04:32:36.072,7.0265,7.03655,1.20,1.20
2008.11.18 04:32:41.411,7.02625,7.0363,1.20,1.20
2008.11.18 04:33:12.033,7.0265,7.03655,1.20,1.20
2008.11.18 04:33:19.501,7.0268,7.03685,1.20,1.20
2008.11.18 04:33:22.211,7.02705,7.0371,1.20,1.20
2008.11.18 04:33:23.240,7.0273,7.03735,1.20,1.20
2008.11.18 04:33:35.247,7.02705,7.0371,1.20,1.20
2008.11.18 04:33:45.605,7.0268,7.03685,1.20,1.20
2008.11.18 04:34:06.700,7.0265,7.03655,1.20,1.20
2008.11.18 04:34:17.857,7.0268,7.03685,1.20,1.20
2008.11.18 04:35:13.654,7.0265,7.03655,1.20,1.20
2008.11.18 04:35:22.322,7.0268,7.03685,1.20,1.20
2008.11.18 04:35:27.731,7.0265,7.03655,1.20,1.20
2008.11.18 04:35:28.451,7.0268,7.03685,1.20,1.20
2008.11.18 04:35:28.680,7.02685,7.0369,1.20,1.20
2008.11.18 04:35:31.580,7.02715,7.0372,1.20,1.20
2008.11.18 04:35:32.549,7.0268,7.03685,1.20,1.20
2008.11.18 04:35:54.054,7.0265,7.03655,1.20,1.20
2008.11.18 04:36:18.108,7.02625,7.0363,1.20,1.20
2008.11.18 04:36:18.618,7.02595,7.036,1.20,1.20
2008.11.18 04:36:26.226,7.02625,7.0363,1.20,1.20
2008.11.18 04:36:26.506,7.02595,7.036,1.20,1.20
2008.11.18 04:36:30.735,7.0257,7.0357,1.20,1.20
2008.11.18 04:36:31.016,7.0254,7.03545,1.20,1.20
2008.11.18 04:36:32.185,7.02515,7.03515,1.20,1.20
2008.11.18 04:36:32.705,7.02485,7.0349,1.20,1.20
2008.11.18 04:36:33.035,7.02515,7.03515,1.20,1.20
2008.11.18 04:36:51.730,7.0252,7.0346,7.20,1.20
2008.11.18 04:36:51.970,7.0252,7.0346,6.00,1.20
2008.11.18 04:36:52.200,7.02485,7.0349,1.20,1.20
2008.11.18 04:36:52.440,7.02515,7.03515,1.20,1.20
2008.11.18 04:37:07.446,7.02595,7.0352,1.20,7.20
2008.11.18 04:37:07.736,7.02595,7.036,1.20,1.20
2008.11.18 04:37:08.006,7.02625,7.0363,1.20,1.20
2008.11.18 04:37:08.296,7.0265,7.03655,1.20,1.20
2008.11.18 04:37:09.596,7.0268,7.03685,1.20,1.20
2008.11.18 04:37:10.066,7.02705,7.03705,1.20,1.20
2008.11.18 04:37:10.506,7.02675,7.0368,1.20,1.20
2008.11.18 04:37:10.746,7.0265,7.03655,1.20,1.20
2008.11.18 04:37:13.835,7.02625,7.0363,1.20,1.20
2008.11.18 04:37:15.614,7.0265,7.03655,1.20,1.20
2008.11.18 04:37:22.193,7.0266,7.036,6.00,1.20
2008.11.18 04:37:22.423,7.02595,7.036,1.20,1.20
2008.11.18 04:37:22.932,7.02625,7.0363,1.20,1.20
2008.11.18 04:37:25.542,7.0265,7.03655,1.20,1.20
2008.11.18 04:37:25.722,7.02625,7.0363,1.20,1.20
2008.11.18 04:37:33.060,7.02595,7.036,1.20,1.20
2008.11.18 04:37:33.880,7.02625,7.0363,1.20,1.20
2008.11.18 04:37:34.040,7.02595,7.036,1.20,1.20
2008.11.18 04:37:35.829,7.02625,7.0363,1.20,1.20
2008.11.18 04:37:36.289,7.02595,7.036,1.20,1.20
2008.11.18 04:37:36.459,7.02625,7.0363,1.20,1.20
2008.11.18 04:37:36.809,7.02595,7.036,1.20,1.20
2008.11.18 04:37:41.468,7.0257,7.0357,1.20,1.20
2008.11.18 04:37:41.828,7.02595,7.036,1.20,1.20
2008.11.18 04:37:42.419,7.026,7.03545,1.20,1.20
2008.11.18 04:37:42.638,7.0254,7.03545,1.20,1.20
2008.11.18 04:37:44.977,7.0257,7.0357,1.20,1.20
2008.11.18 04:37:46.047,7.0254,7.03545,1.20,1.20
2008.11.18 04:37:46.557,7.0257,7.0357,1.20,1.20
2008.11.18 04:37:46.667,7.0254,7.03545,1.20,1.20
2008.11.18 04:37:48.496,7.02515,7.03515,1.20,1.20
2008.11.18 04:37:48.777,7.0254,7.03545,1.20,1.20
2008.11.18 04:37:53.245,7.02515,7.03515,1.20,1.20
2008.11.18 04:37:53.775,7.0251,7.0351,1.20,1.20
2008.11.18 04:37:54.125,7.02515,7.03515,1.20,1.20
2008.11.18 04:37:54.295,7.0254,7.03545,1.20,1.20
2008.11.18 04:37:54.805,7.0257,7.0357,1.20,1.20
2008.11.18 04:37:55.265,7.0258,7.03515,6.00,1.20
2008.11.18 04:37:55.535,7.0257,7.03515,1.20,1.20
2008.11.18 04:37:55.645,7.02515,7.03515,1.20,1.20
2008.11.18 04:37:56.045,7.0254,7.03545,1.20,1.20
2008.11.18 04:37:56.335,7.02575,7.03575,1.20,1.20
2008.11.18 04:37:56.534,7.02625,7.0354,1.20,1.20
2008.11.18 04:37:56.805,7.02625,7.0363,1.20,8.40
2008.11.18 04:37:57.044,7.026,7.03605,1.20,1.20
2008.11.18 04:37:58.584,7.0263,7.03635,1.20,1.20
2008.11.18 04:37:58.854,7.0266,7.0366,1.20,1.20
2008.11.18 04:38:01.183,7.0268,7.03685,1.20,1.20
2008.11.18 04:38:01.683,7.02705,7.03705,1.20,1.20
2008.11.18 04:38:03.033,7.0268,7.03685,1.20,1.20
2008.11.18 04:38:03.393,7.02705,7.03705,1.20,1.20
2008.11.18 04:38:03.733,7.02675,7.0368,1.20,1.20
2008.11.18 04:38:04.093,7.0268,7.03685,1.20,1.20
2008.11.18 04:38:04.452,7.02705,7.03705,1.20,1.20
2008.11.18 04:38:04.513,7.02675,7.0368,1.20,1.20
2008.11.18 04:38:05.022,7.0268,7.03685,1.20,1.20
2008.11.18 04:38:05.472,7.0273,7.0368,1.20,1.20
2008.11.18 04:38:05.702,7.0273,7.03735,1.20,1.20
2008.11.18 04:38:05.932,7.02755,7.0376,1.20,1.20
2008.11.18 04:38:06.852,7.02735,7.0374,1.20,1.20
2008.11.18 04:38:08.422,7.02765,7.03765,1.20,1.20
2008.11.18 04:38:14.190,7.0279,7.03795,1.20,1.20
2008.11.18 04:38:17.340,7.02765,7.03765,1.20,1.20
2008.11.18 04:38:19.809,7.0279,7.03795,1.20,1.20
2008.11.18 04:38:20.899,7.02765,7.03765,1.20,1.20
2008.11.18 04:38:23.638,7.0279,7.03795,1.20,1.20
2008.11.18 04:38:29.007,7.028,7.0374,6.00,1.20
2008.11.18 04:38:29.286,7.02735,7.0374,1.20,1.20
2008.11.18 04:38:39.824,7.02765,7.03765,1.20,1.20
2008.11.18 04:38:40.384,7.02755,7.0376,1.20,1.20
2008.11.18 04:38:42.854,7.02785,7.0379,1.20,1.20
2008.11.18 04:38:48.802,7.02765,7.03765,1.20,1.20
2008.11.18 04:39:12.206,7.0279,7.03795,1.20,1.20
2008.11.18 04:39:12.726,7.02765,7.03765,1.20,1.20
2008.11.18 04:39:17.025,7.02735,7.0374,1.20,1.20
2008.11.18 04:39:18.065,7.02695,7.037,1.20,1.20
2008.11.18 04:39:18.925,7.02725,7.0373,1.20,1.20
2008.11.18 04:39:19.214,7.0272,7.0372,1.20,1.20
2008.11.18 04:39:21.714,7.0273,7.03735,1.20,1.20
2008.11.18 04:39:24.693,7.0272,7.0372,1.20,1.20
2008.11.18 04:39:26.943,7.02695,7.037,1.20,1.20
2008.11.18 04:39:30.442,7.0268,7.03685,1.20,1.20
2008.11.18 04:39:35.431,7.02705,7.0371,1.20,1.20
2008.11.18 04:39:35.720,7.0268,7.03685,1.20,1.20
2008.11.18 04:39:37.790,7.02695,7.037,1.20,1.20
2008.11.18 04:39:51.887,7.02725,7.0373,1.20,1.20
2008.11.18 04:39:53.836,7.0275,7.03755,1.20,1.20
2008.11.18 04:39:54.226,7.02745,7.0375,1.20,1.20
2008.11.18 04:39:54.786,7.0272,7.0372,1.20,1.20
2008.11.18 04:39:55.076,7.02745,7.0375,1.20,1.20
2008.11.18 04:39:56.586,7.02725,7.0373,1.20,1.20
2008.11.18 04:39:58.245,7.0275,7.03755,1.20,1.20
2008.11.18 04:39:58.425,7.02745,7.0375,1.20,1.20
2008.11.18 04:40:00.325,7.0272,7.0372,1.20,1.20
2008.11.18 04:40:03.494,7.02695,7.037,1.20,1.20
2008.11.18 04:40:04.245,7.02725,7.0373,1.20,1.20
2008.11.18 04:40:05.793,7.02695,7.037,1.20,1.20
2008.11.18 04:40:09.442,7.02725,7.0373,1.20,1.20
2008.11.18 04:40:13.761,7.02695,7.037,1.20,1.20
2008.11.18 04:40:19.440,7.02725,7.0373,1.20,1.20
2008.11.18 04:40:19.960,7.02695,7.037,1.20,1.20
2008.11.18 04:40:23.419,7.02675,7.0368,1.20,1.20
2008.11.18 04:40:32.787,7.02675,7.0345,1.20,1.20
2008.11.18 04:40:33.687,7.02675,7.0325,1.20,1.20
2008.11.18 04:40:34.946,7.02675,7.0311,1.20,1.20
2008.11.18 04:40:35.756,7.02675,7.0302,1.20,1.20
2008.11.18 04:40:36.986,7.01315,7.0295,1.20,1.20
2008.11.18 04:40:37.376,7.0131,7.02315,1.20,1.20
2008.11.18 04:40:38.785,7.01315,7.0232,1.20,1.20
2008.11.18 04:40:42.025,7.0131,7.02315,1.20,1.20
2008.11.18 04:40:43.994,7.0129,7.02295,1.20,1.20
2008.11.18 04:40:44.624,7.0129,7.0152,1.20,1.80
2008.11.18 04:40:49.593,7.0131,7.0152,1.20,1.80
2008.11.18 04:41:07.829,7.0134,7.0152,1.20,1.80
2008.11.18 04:41:12.088,7.0131,7.0152,1.20,1.80
2008.11.18 04:41:33.032,7.0134,7.0152,1.20,1.80
2008.11.18 04:41:34.813,7.0131,7.0152,1.20,1.80
2008.11.18 04:41:37.891,7.01305,7.0152,1.20,1.80
2008.11.18 04:41:40.890,7.0131,7.0152,1.20,1.80
2008.11.18 04:41:46.849,7.0129,7.0152,1.20,1.80
2008.11.18 04:41:54.347,7.0131,7.0152,1.20,1.80
2008.11.18 04:41:57.956,7.0129,7.0152,1.20,1.80
2008.11.18 04:42:07.104,7.0131,7.0152,1.20,1.80
2008.11.18 04:42:38.367,7.0134,7.0152,1.20,1.80
2008.11.18 04:42:38.726,7.0132,7.0152,6.00,1.80
2008.11.18 04:42:38.966,7.0129,7.0152,1.20,1.80
2008.11.18 04:42:43.875,7.0126,7.0152,1.20,1.80
2008.11.18 04:42:52.323,7.01285,7.0152,1.20,1.80
2008.11.18 04:42:53.983,7.01255,7.0152,1.20,1.80
2008.11.18 04:42:54.502,7.0126,7.0152,1.20,1.80
2008.11.18 04:43:07.020,7.01285,7.0152,1.20,1.80
2008.11.18 04:43:09.169,7.01255,7.0152,1.20,1.80
2008.11.18 04:43:09.559,7.0126,7.0152,1.20,1.80
2008.11.18 04:43:14.528,7.01255,7.0152,1.20,1.80
2008.11.18 04:43:14.938,7.0126,7.0152,1.20,1.80
2008.11.18 04:43:21.796,7.01285,7.0152,1.20,1.80
2008.11.18 04:43:22.426,7.01275,7.0152,1.20,1.80
2008.11.18 04:43:23.266,7.01255,7.0152,1.20,1.80
2008.11.18 04:43:35.943,7.0126,7.0152,1.20,1.80
2008.11.18 04:43:38.132,7.0129,7.0152,1.20,1.80
2008.11.18 04:43:38.652,7.01315,7.0152,1.20,1.80
2008.11.18 04:43:39.562,7.0126,7.0152,1.20,1.80
2008.11.18 04:43:41.981,7.0129,7.0152,1.20,1.80
2008.11.18 04:43:42.041,7.01315,7.0152,1.20,1.80
2008.11.18 04:43:44.440,7.0129,7.0152,1.20,1.80
2008.11.18 04:43:44.970,7.0131,7.0152,1.20,1.80
2008.11.18 04:44:06.875,7.0134,7.0152,1.20,1.80
2008.11.18 04:44:07.785,7.0131,7.0152,1.20,1.80
2008.11.18 04:44:13.923,7.01285,7.0152,1.20,1.80
2008.11.18 04:44:35.098,7.0129,7.0152,1.20,1.80
2008.11.18 04:44:45.916,7.0131,7.0152,1.20,1.80
2008.11.18 04:44:57.834,7.01285,7.0152,1.20,1.80
2008.11.18 04:44:58.003,7.0129,7.0152,1.20,1.80
2008.11.18 04:45:10.490,7.0131,7.0152,1.20,1.80
2008.11.18 04:45:33.325,7.0132,7.0152,6.00,1.80
2008.11.18 04:45:33.644,7.0131,7.0152,1.20,1.80
2008.11.18 04:45:33.884,7.0112,7.0152,24.00,1.80
2008.11.18 04:46:00.818,7.00571,7.00871,1.00,4.80
2008.11.18 04:46:02.557,7.00705,7.00925,1.00,1.20
2008.11.18 04:46:03.587,7.00745,7.01025,1.00,1.20
2008.11.18 04:46:07.416,7.0075,7.0107,1.00,1.20
2008.11.18 04:46:11.185,7.00758,7.01038,1.00,1.20
2008.11.18 04:46:13.855,7.00653,7.01093,1.00,2.40
2008.11.18 04:46:13.965,7.00631,7.01111,1.20,1.20
2008.11.18 04:46:14.435,7.00732,7.01102,1.20,1.20
2008.11.18 04:46:16.014,7.00836,7.01196,1.20,4.80
2008.11.18 04:46:16.534,7.00898,7.01378,1.20,1.80
2008.11.18 04:46:16.944,7.00982,7.01422,1.00,2.40
2008.11.18 04:46:17.684,7.01004,7.01344,1.00,1.20
2008.11.18 04:46:18.544,7.00903,7.01343,1.00,1.20
2008.11.18 04:46:18.774,7.00871,7.01251,5.50,1.20
2008.11.18 04:46:19.063,7.00824,7.01164,1.00,3.00
2008.11.18 04:46:19.933,7.00755,7.01105,1.00,1.00
2008.11.18 04:46:28.131,7.00634,7.01114,1.00,3.00
2008.11.18 04:46:28.431,7.00637,7.01007,1.00,1.20
2008.11.18 04:46:30.281,7.00606,7.00946,1.00,1.00
2008.11.18 04:46:30.970,7.0056,7.0093,2.40,1.20
2008.11.18 04:46:32.000,7.00557,7.00897,1.20,3.00
2008.11.18 04:46:35.149,7.00547,7.00867,1.00,2.40
2008.11.18 04:46:37.179,7.00521,7.00821,1.00,1.00
2008.11.18 04:46:37.939,7.00386,7.00826,1.00,3.00
2008.11.18 04:46:38.509,7.003,7.0073,2.10,1.20
2008.11.18 04:46:38.969,7.00283,7.00563,1.00,1.20
2008.11.18 04:46:41.158,7.00188,7.00628,1.20,3.00
2008.11.18 04:46:41.208,7.0032,7.0064,1.00,2.40
2008.11.18 04:46:41.488,7.0044,7.0066,1.20,1.20
2008.11.18 04:46:46.177,7.00421,7.00781,1.00,1.20
2008.11.18 04:46:46.477,7.00486,7.00806,1.20,1.00
2008.11.18 04:46:46.707,7.00515,7.00875,2.10,1.20
2008.11.18 04:46:47.287,7.00582,7.00902,1.00,4.80
2008.11.18 04:46:52.056,7.006,7.0096,1.00,1.20
2008.11.18 04:46:53.515,7.00565,7.01045,1.20,2.40
2008.11.18 04:46:55.635,7.00632,7.00992,1.00,1.00
2008.11.18 04:46:56.744,7.00612,7.00982,1.00,1.20
2008.11.18 04:46:57.094,7.0053,7.0101,1.20,3.00
2008.11.18 04:46:57.944,7.00587,7.00927,1.00,2.40
2008.11.18 04:46:58.664,7.00597,7.00967,1.20,1.20
2008.11.18 04:46:59.593,7.00667,7.01017,1.20,1.00
2008.11.18 04:46:59.884,7.00701,7.01071,1.20,9.60
2008.11.18 04:47:02.691,7.00929,7.01269,1.00,2.40
2008.11.18 04:47:03.445,7.00852,7.01292,1.20,1.20
2008.11.18 04:47:14.298,7.00884,7.01204,1.00,2.40
2008.11.18 04:47:16.108,7.00895,7.01155,2.10,1.00
2008.11.18 04:47:17.937,7.00863,7.01163,2.10,1.00
2008.11.18 04:47:18.457,7.00787,7.01207,1.00,1.00
2008.11.18 04:47:19.207,7.00803,7.01123,1.00,1.20
2008.11.18 04:47:19.487,7.00762,7.01032,1.00,1.20
2008.11.18 04:47:19.657,7.0071,7.0086,1.00,3.00
2008.11.18 04:47:20.277,7.00563,7.00693,1.00,3.00
2008.11.18 04:47:21.716,7.00337,7.00587,1.00,4.80
2008.11.18 04:47:22.006,7.00359,7.00459,2.10,3.00
2008.11.18 04:47:22.116,7.00465,7.00535,1.00,1.00
2008.11.18 04:47:22.236,7.00585,7.00625,1.00,4.80
2008.11.18 04:47:23.446,7.00614,7.00744,1.00,2.40
2008.11.18 04:47:24.026,7.00694,7.00734,1.00,3.00
2008.11.18 04:47:24.266,7.00663,7.00793,2.10,1.20
2008.11.18 04:47:27.605,7.00726,7.00766,1.20,2.40
2008.11.18 04:47:27.885,7.00711,7.00871,1.00,1.20
2008.11.18 04:47:28.355,7.00845,7.00885,1.20,1.20
2008.11.18 04:47:29.635,7.00879,7.01009,1.00,1.00
2008.11.18 04:47:29.925,7.00835,7.01155,1.20,1.20
2008.11.18 04:47:30.604,7.00934,7.01084,1.00,4.80
2008.11.18 04:47:32.454,7.009,7.0109,1.00,1.00
2008.11.18 04:47:34.113,7.00819,7.01139,1.00,4.80
2008.11.18 04:47:34.334,7.00766,7.01206,1.00,1.20
2008.11.18 04:47:34.863,7.0087,7.0119,1.00,3.00
2008.11.18 04:47:35.223,7.01007,7.01207,1.00,3.00
2008.11.18 04:47:35.573,7.0104,7.0134,1.00,4.80
2008.11.18 04:47:36.183,7.01047,7.01367,1.00,2.40
2008.11.18 04:47:36.563,7.00964,7.01324,1.00,2.40
2008.11.18 04:47:39.962,7.00865,7.01275,1.00,1.20
2008.11.18 04:47:41.282,7.00826,7.01186,1.00,1.00
2008.11.18 04:47:41.562,7.00702,7.01192,2.10,1.20
2008.11.18 04:47:43.201,7.00625,7.01175,1.00,2.40
2008.11.18 04:47:43.441,7.00559,7.01169,1.00,1.20
2008.11.18 04:47:43.891,7.00657,7.01027,1.20,3.00
2008.11.18 04:47:44.931,7.00639,7.01029,2.10,1.20
2008.11.18 04:47:49.450,7.00656,7.01026,1.00,1.20
2008.11.18 04:47:49.800,7.00669,7.01059,1.00,2.40
2008.11.18 04:47:51.009,7.00714,7.01084,1.20,2.40
2008.11.18 04:47:52.169,7.0074,7.0113,1.20,3.00
2008.11.18 04:47:52.469,7.00671,7.01246,1.00,2.40
2008.11.18 04:47:52.989,7.00679,7.01259,1.00,1.00
2008.11.18 04:47:53.619,7.00777,7.01167,1.00,3.00
2008.11.18 04:47:56.288,7.00766,7.01206,1.00,3.00
2008.11.18 04:47:56.528,7.00759,7.01279,2.10,1.00
2008.11.18 04:47:56.938,7.00738,7.01393,1.00,4.80
2008.11.18 04:47:59.617,7.00899,7.01289,1.00,1.20
2008.11.18 04:48:01.243,7.00967,7.01337,1.00,1.00
2008.11.18 04:48:02.453,7.00829,7.01219,1.00,1.20
2008.11.18 04:48:03.322,7.00773,7.01143,2.10,1.00
2008.11.18 04:48:03.732,7.00748,7.01138,1.00,2.40
2008.11.18 04:48:04.092,7.00723,7.01163,1.00,2.40
2008.11.18 04:48:04.382,7.00629,7.01249,1.00,1.20
2008.11.18 04:48:05.082,7.00723,7.01113,2.20,1.20
2008.11.18 04:48:06.412,7.00613,7.01163,1.00,1.00
2008.11.18 04:48:06.742,7.00686,7.01056,1.00,3.00
2008.11.18 04:48:09.031,7.00595,7.01145,1.20,1.00
2008.11.18 04:48:11.291,7.00663,7.01053,2.10,1.20
2008.11.18 04:48:11.581,7.00508,7.01128,1.00,1.20
2008.11.18 04:48:12.040,7.00563,7.00953,1.00,3.00
2008.11.18 04:48:13.130,7.00476,7.00916,1.00,1.20
2008.11.18 04:48:13.690,7.0043,7.0087,1.00,2.40
2008.11.18 04:48:14.030,7.00438,7.00808,1.00,3.00
2008.11.18 04:48:14.310,7.00317,7.00917,1.20,3.00
2008.11.18 04:48:14.700,7.00426,7.00851,1.20,1.20
2008.11.18 04:48:15.040,7.00485,7.00875,1.00,1.20
2008.11.18 04:48:15.449,7.0054,7.0091,2.20,1.00
2008.11.18 04:48:15.740,7.00586,7.00956,1.00,2.40
2008.11.18 04:48:16.479,7.00535,7.01085,1.20,1.20
2008.11.18 04:48:16.819,7.00569,7.01084,2.10,1.00
2008.11.18 04:48:17.339,7.0057,7.0101,1.20,9.60
2008.11.18 04:48:18.079,7.00455,7.00975,1.00,4.80
2008.11.18 04:48:18.249,7.00403,7.00979,1.00,3.00
2008.11.18 04:48:18.529,7.00484,7.01024,1.00,1.00
2008.11.18 04:48:18.878,7.00507,7.01132,1.00,1.20
2008.11.18 04:48:19.289,7.00566,7.01161,1.00,3.00
2008.11.18 04:48:19.628,7.00577,7.01207,1.00,2.40
2008.11.18 04:48:20.219,7.00607,7.01227,1.00,2.40
2008.11.18 04:48:20.498,7.00726,7.01151,1.00,4.80
2008.11.18 04:48:20.788,7.00639,7.01269,1.00,3.00
2008.11.18 04:48:21.608,7.00764,7.01154,2.10,1.20
2008.11.18 04:48:21.838,7.00641,7.01246,1.00,1.00
2008.11.18 04:48:22.118,7.00598,7.01228,1.20,9.60
2008.11.18 04:48:22.298,7.00591,7.01191,1.00,1.20
2008.11.18 04:48:23.897,7.0056,7.01215,1.20,1.20
2008.11.18 04:48:24.237,7.00579,7.01204,2.10,1.20
2008.11.18 04:48:24.577,7.00698,7.01088,2.10,1.20
2008.11.18 04:48:24.897,7.00595,7.0119,2.10,1.20
2008.11.18 04:48:25.297,7.00573,7.01208,2.10,1.20
2008.11.18 04:48:26.327,7.00686,7.01076,1.00,3.00
2008.11.18 04:48:26.827,7.00623,7.01143,1.00,1.00
2008.11.18 04:48:27.287,7.0069,7.0113,1.00,1.00
2008.11.18 04:48:27.856,7.00762,7.01132,1.00,4.80
2008.11.18 04:48:28.257,7.00726,7.01216,1.20,9.60
2008.11.18 04:48:29.046,7.0091,7.0103,1.00,1.20
2008.11.18 04:48:29.536,7.00891,7.01011,2.10,1.20
2008.11.18 04:48:29.936,7.00862,7.01042,1.00,1.20
2008.11.18 04:48:30.276,7.00975,7.01045,1.20,1.00
2008.11.18 04:48:30.716,7.00995,7.01225,2.10,1.00
2008.11.18 04:48:31.016,7.01018,7.01268,1.00,3.00
2008.11.18 04:48:31.706,7.00991,7.01141,1.00,2.40
2008.11.18 04:48:32.515,7.0085,7.011,7.20,1.00
2008.11.18 04:48:32.805,7.00795,7.00985,2.40,1.20
2008.11.18 04:48:36.894,7.00691,7.00941,2.10,1.00
2008.11.18 04:48:37.634,7.00693,7.00883,1.00,3.00
2008.11.18 04:48:38.654,7.00713,7.00943,1.20,3.00
2008.11.18 04:48:40.673,7.00772,7.01022,1.20,2.40
2008.11.18 04:48:45.522,7.00839,7.01029,1.20,1.00
2008.11.18 04:48:45.907,7.00859,7.00989,1.00,1.20
2008.11.18 04:48:50.191,7.00778,7.01028,2.10,1.00
2008.11.18 04:48:50.531,7.00808,7.00998,1.00,1.70
2008.11.18 04:48:53.320,7.00816,7.00986,1.00,1.20
2008.11.18 04:48:54.850,7.00743,7.00993,1.00,1.20
2008.11.18 04:48:55.430,7.00734,7.00904,2.10,1.20
2008.11.18 04:48:56.100,7.00723,7.00853,1.00,1.20
2008.11.18 04:48:56.450,7.00675,7.00905,1.00,3.00
2008.11.18 04:48:57.919,7.0071,7.0092,2.10,1.00
2008.11.18 04:48:58.599,7.00809,7.00919,1.20,1.20
2008.11.18 04:48:58.829,7.00878,7.01018,1.00,2.40
2008.11.18 04:48:59.219,7.01005,7.01105,1.00,1.00
2008.11.18 04:48:59.549,7.01085,7.01155,1.20,3.00
2008.11.18 04:49:00.489,7.00611,7.00721,1.00,2.40
2008.11.18 04:49:00.649,7.00631,7.00701,1.00,1.20
2008.11.18 04:49:01.919,7.00634,7.00724,1.00,1.20
2008.11.18 04:49:02.319,7.00632,7.00782,1.20,2.40
2008.11.18 04:49:02.668,7.00624,7.00874,1.00,1.20
2008.11.18 04:49:03.079,7.00682,7.00912,1.00,1.00
2008.11.18 04:49:03.359,7.00721,7.00971,1.00,3.00
2008.11.18 04:49:03.748,7.00771,7.01001,2.10,1.20
2008.11.18 04:49:10.727,7.00794,7.01044,1.00,1.20
2008.11.18 04:49:11.587,7.00817,7.01057,1.00,4.80
2008.11.18 04:49:12.566,7.00808,7.01058,1.00,1.20
2008.11.18 04:49:12.896,7.00784,7.01014,1.00,1.20
2008.11.18 04:49:16.405,7.00721,7.00931,2.10,1.20
2008.11.18 04:49:17.085,7.00591,7.00841,1.20,1.00
2008.11.18 04:49:19.675,7.00456,7.00686,1.00,2.40
2008.11.18 04:49:20.145,7.00303,7.00553,1.00,1.00
2008.11.18 04:49:20.604,7.00277,7.00507,1.00,3.00
2008.11.18 04:49:28.802,7.00369,7.00619,1.00,3.00
2008.11.18 04:49:29.203,7.00525,7.00715,1.00,3.00
2008.11.18 04:49:34.663,7.00702,7.00742,1.20,1.20
2008.11.18 04:49:41.539,7.00661,7.00911,2.10,1.00
2008.11.18 04:49:42.219,7.00707,7.00917,1.00,2.40
2008.11.18 04:49:45.898,7.00712,7.00912,1.00,1.00
2008.11.18 04:49:46.078,7.00692,7.00902,1.00,1.20
2008.11.18 04:49:48.798,7.00682,7.00882,1.00,1.00
2008.11.18 04:49:49.148,7.00701,7.00861,1.20,1.20
2008.11.18 04:49:49.788,7.0076,7.00855,1.00,1.20
2008.11.18 04:49:50.247,7.00818,7.00933,2.20,1.20
2008.11.18 04:49:51.507,7.00944,7.01039,1.00,4.80
2008.11.18 04:49:51.797,7.01053,7.01198,2.10,1.00
2008.11.18 04:49:52.037,7.01128,7.01248,1.00,3.00
2008.11.18 04:49:52.727,7.0111,7.0118,1.00,1.00
2008.11.18 04:49:54.746,7.01063,7.01103,1.00,1.00
2008.11.18 04:49:55.336,7.00875,7.01195,1.00,4.80
2008.11.18 04:49:55.616,7.00991,7.01031,1.00,3.00
2008.11.18 04:49:55.906,7.00961,7.01056,2.10,1.00
2008.11.18 04:49:56.306,7.00945,7.01095,1.00,4.80
2008.11.18 04:49:56.486,7.00943,7.01138,1.00,3.00
2008.11.18 04:49:56.666,7.00943,7.01173,1.00,1.00
2008.11.18 04:49:58.065,7.00942,7.01202,2.10,1.20
2008.11.18 04:49:58.285,7.00954,7.01204,1.00,1.20
2008.11.18 04:49:58.745,7.00965,7.01195,1.00,3.00
2008.11.18 04:49:59.375,7.00958,7.01203,1.00,2.40
2008.11.18 04:50:01.274,7.00458,7.00718,2.10,1.00
2008.11.18 04:50:01.544,7.00527,7.00772,1.00,3.00
2008.11.18 04:50:02.154,7.0058,7.0084,1.00,3.00
2008.11.18 04:50:02.494,7.00637,7.00882,1.00,2.40
2008.11.18 04:50:03.124,7.00682,7.00917,1.00,1.20
2008.11.18 04:50:04.613,7.00691,7.00951,1.00,3.00
2008.11.18 04:50:05.013,7.0071,7.0094,1.20,1.20
2008.11.18 04:50:05.463,7.00717,7.00907,1.00,4.80
2008.11.18 04:50:06.053,7.0071,7.0087,1.20,1.20
2008.11.18 04:50:06.443,7.00641,7.00886,2.10,1.20
2008.11.18 04:50:10.022,7.00589,7.00849,2.10,1.20
2008.11.18 04:50:10.252,7.00538,7.00748,1.00,1.00
2008.11.18 04:50:11.591,7.00429,7.00609,1.00,1.00
2008.11.18 04:50:11.931,7.0028,7.0049,1.00,1.20
2008.11.18 04:50:12.621,7.0028,7.0044,1.00,3.00
2008.11.18 04:50:12.901,7.00388,7.00573,1.00,1.00
2008.11.18 04:50:13.241,7.00517,7.00727,1.00,1.20
2008.11.18 04:50:13.591,7.00618,7.00858,1.00,3.00
2008.11.18 04:50:13.861,7.00687,7.00932,1.00,1.00
2008.11.18 04:50:14.501,7.00709,7.00969,1.60,2.40
2008.11.18 04:50:18.160,7.00709,7.00954,1.00,1.20
2008.11.18 04:50:19.549,7.00682,7.00917,1.00,3.00
2008.11.18 04:50:19.929,7.00661,7.00846,1.00,4.80
2008.11.18 04:50:20.719,7.00647,7.00777,1.20,3.00
2008.11.18 04:50:21.059,7.00594,7.00774,1.00,1.20
2008.11.18 04:50:21.469,7.00567,7.00802,1.00,1.00
2008.11.18 04:50:21.699,7.00598,7.00833,1.20,9.60
2008.11.18 04:50:21.998,7.00657,7.00907,2.10,1.20
2008.11.18 04:50:28.997,7.00758,7.01003,1.00,3.00
2008.11.18 04:50:29.347,7.00879,7.01139,1.00,2.40
2008.11.18 04:50:39.304,7.01018,7.01248,1.00,3.00
2008.11.18 04:50:45.113,7.01043,7.01253,1.00,1.00
2008.11.18 04:50:46.733,7.009,7.0116,1.00,2.40
2008.11.18 04:50:53.911,7.00774,7.01019,2.20,1.00
2008.11.18 04:50:55.720,7.00661,7.00921,1.00,1.20
2008.11.18 04:50:56.071,7.00603,7.00853,1.20,1.20
2008.11.18 04:50:56.241,7.00594,7.00814,1.00,2.40
2008.11.18 04:50:57.360,7.00582,7.00842,1.00,3.00
2008.11.18 04:50:57.650,7.0062,7.00865,1.00,4.80
2008.11.18 04:50:58.050,7.00726,7.00856,2.10,1.00
2008.11.18 04:50:58.510,7.00794,7.00899,1.00,1.20
2008.11.18 04:50:59.030,7.00828,7.00932,1.00,2.40
2008.11.18 04:51:03.241,7.00704,7.00779,1.00,4.80
2008.11.18 04:51:03.511,7.0067,7.00775,2.10,1.00
2008.11.18 04:51:03.921,7.00677,7.00752,1.00,1.00
2008.11.18 04:51:04.341,7.00657,7.00787,1.00,1.20
2008.11.18 04:51:09.089,7.00592,7.00887,1.20,1.20
2008.11.18 04:51:09.360,7.0061,7.0091,1.00,4.80
2008.11.18 04:51:09.710,7.00622,7.00942,1.20,3.00
2008.11.18 04:51:10.159,7.00665,7.00935,1.20,3.00
2008.11.18 04:51:10.629,7.00704,7.00924,1.20,1.20
2008.11.18 04:51:11.429,7.0074,7.009,1.20,1.00
2008.11.18 04:51:12.009,7.00752,7.00887,1.00,4.80
2008.11.18 04:51:12.419,7.00784,7.00834,1.00,1.20
2008.11.18 04:51:12.778,7.00745,7.00845,1.00,1.20
2008.11.18 04:51:13.388,7.00748,7.00818,1.00,1.00
2008.11.18 04:51:13.799,7.00754,7.00804,1.00,1.00
2008.11.18 04:51:14.138,7.00739,7.00839,1.20,1.00
2008.11.18 04:51:14.928,7.00766,7.00856,1.00,2.40
2008.11.18 04:51:15.518,7.0079,7.0089,1.00,1.20
2008.11.18 04:51:16.168,7.00804,7.00939,1.00,2.40
2008.11.18 04:51:16.548,7.00853,7.00953,1.00,2.40
2008.11.18 04:51:17.228,7.00867,7.00997,1.20,1.20
2008.11.18 04:51:17.448,7.00909,7.01029,2.10,1.00
2008.11.18 04:51:18.038,7.00957,7.01087,1.00,1.00
2008.11.18 04:51:18.377,7.01045,7.01145,2.10,1.00
2008.11.18 04:51:19.057,7.011,7.01235,1.00,2.40
2008.11.18 04:51:19.437,7.01066,7.01256,1.00,2.40
2008.11.18 04:51:19.777,7.00912,7.01207,1.20,9.60
2008.11.18 04:51:20.057,7.00817,7.01087,1.20,1.20
2008.11.18 04:51:20.227,7.00712,7.01022,1.00,1.00
2008.11.18 04:51:20.896,7.00671,7.00941,1.00,1.20
2008.11.18 04:51:21.247,7.00614,7.00914,1.00,1.20
2008.11.18 04:51:21.587,7.00597,7.00867,1.00,1.20
2008.11.18 04:51:21.996,7.00553,7.00853,1.00,1.20
2008.11.18 04:51:22.566,7.00526,7.00826,1.00,1.20
2008.11.18 04:51:22.906,7.00496,7.00796,2.10,1.00
2008.11.18 04:51:23.496,7.00504,7.00724,1.00,1.00
2008.11.18 04:51:23.946,7.00498,7.00658,1.00,1.20
2008.11.18 04:51:24.226,7.00478,7.00608,1.00,2.40
2008.11.18 04:51:24.456,7.00461,7.00566,2.20,1.00
2008.11.18 04:51:25.376,7.00429,7.00559,1.00,3.00
2008.11.18 04:51:25.785,7.00428,7.00563,1.00,1.00
2008.11.18 04:51:26.316,7.00456,7.00586,1.00,1.00
2008.11.18 04:51:26.905,7.00498,7.00648,1.20,1.20
2008.11.18 04:51:27.625,7.00556,7.00736,1.00,1.20
2008.11.18 04:51:27.955,7.00651,7.00801,1.00,1.20
2008.11.18 04:51:28.185,7.00731,7.00861,1.00,1.00
2008.11.18 04:51:28.515,7.00754,7.00929,1.00,3.00
2008.11.18 04:51:29.154,7.00771,7.00951,1.00,1.00
2008.11.18 04:51:29.614,7.00759,7.00944,1.00,1.00
2008.11.18 04:51:29.845,7.00701,7.00946,1.20,1.20
2008.11.18 04:51:31.824,7.00644,7.00914,1.00,1.20
2008.11.18 04:51:36.113,7.00568,7.00868,1.00,4.80
2008.11.18 04:51:37.563,7.00498,7.00768,2.10,1.20
2008.11.18 04:51:39.122,7.00374,7.00674,1.20,1.20
2008.11.18 04:51:39.462,7.00251,7.00581,1.00,1.00
2008.11.18 04:51:42.122,7.00179,7.00619,1.00,2.40
2008.11.18 04:51:42.451,7.00318,7.00683,1.00,1.20
2008.11.18 04:51:42.791,7.00439,7.00799,1.20,3.00
2008.11.18 04:51:42.901,7.00528,7.00918,1.00,1.20
2008.11.18 04:51:43.901,7.00596,7.01001,1.00,2.40
2008.11.18 04:51:44.361,7.00669,7.01024,1.00,4.80
2008.11.18 04:51:44.821,7.00705,7.01025,1.00,1.00
2008.11.18 04:51:45.281,7.00687,7.01017,1.00,2.40
2008.11.18 04:51:47.640,7.00635,7.0099,1.20,1.20
2008.11.18 04:51:48.330,7.00552,7.00957,1.20,1.00
2008.11.18 04:51:48.690,7.00534,7.00849,1.00,1.00
2008.11.18 04:51:49.150,7.00438,7.00833,2.10,1.20
2008.11.18 04:51:49.500,7.00439,7.00754,1.00,3.00
2008.11.18 04:51:50.010,7.00357,7.00797,2.10,1.20
2008.11.18 04:51:50.689,7.00409,7.00749,2.10,1.00
2008.11.18 04:51:51.159,7.00443,7.00758,1.00,1.20
2008.11.18 04:51:53.579,7.00472,7.00797,1.00,1.20
2008.11.18 04:51:54.039,7.00528,7.00823,1.00,1.00
2008.11.18 04:51:54.549,7.00553,7.00878,1.00,3.00
2008.11.18 04:51:54.908,7.00565,7.0093,1.00,3.00
2008.11.18 04:51:55.368,7.0057,7.00965,1.00,2.40
2008.11.18 04:51:55.928,7.00738,7.00818,1.20,1.80
2008.11.18 04:51:56.268,7.00746,7.00826,2.10,1.20
2008.11.18 04:51:56.548,7.00725,7.00865,1.20,2.40
2008.11.18 04:51:56.908,7.00712,7.00912,1.00,1.20
2008.11.18 04:51:57.138,7.00734,7.00934,1.00,1.00
2008.11.18 04:51:57.578,7.00859,7.00864,1.00,3.00
2008.11.18 04:51:57.868,7.009,7.00905,1.00,1.00
2008.11.18 04:51:58.158,7.00954,7.00964,1.00,1.70
2008.11.18 04:51:58.428,7.01006,7.01041,1.00,2.40
2008.11.18 04:51:58.778,7.01033,7.01093,1.00,2.40
2008.11.18 04:52:00.277,7.01019,7.01129,1.00,1.00
2008.11.18 04:52:06.206,7.00944,7.01114,2.10,2.40
2008.11.18 04:52:06.446,7.00897,7.01072,1.00,2.40
2008.11.18 04:52:07.085,7.00859,7.01039,1.00,3.00
2008.11.18 04:52:08.165,7.00817,7.01037,1.00,1.20
2008.11.18 04:52:10.295,7.00798,7.01028,1.20,1.00
2008.11.18 04:52:10.645,7.0079,7.01015,1.00,4.80
2008.11.18 04:52:11.234,7.00832,7.00942,1.00,1.00
2008.11.18 04:52:11.524,7.00764,7.00939,1.00,1.20
2008.11.18 04:52:12.004,7.00672,7.00902,1.00,2.40
2008.11.18 04:52:12.764,7.00535,7.00835,1.00,3.00
2008.11.18 04:52:14.864,7.00416,7.00686,2.10,1.00
2008.11.18 04:52:16.383,7.00293,7.00533,1.00,2.40
2008.11.18 04:52:16.743,7.00252,7.00467,1.00,2.40
2008.11.18 04:52:16.973,7.00353,7.00483,1.00,3.00
2008.11.18 04:52:17.723,7.00376,7.00616,1.00,1.20
2008.11.18 04:52:17.943,7.00454,7.00664,1.00,3.20
2008.11.18 04:52:18.512,7.00459,7.00729,1.00,1.20
2008.11.18 04:52:20.602,7.00487,7.00727,1.00,1.20
2008.11.18 04:52:21.062,7.00509,7.00709,1.00,4.80
2008.11.18 04:52:21.301,7.00507,7.00737,1.00,2.40
2008.11.18 04:52:22.152,7.00553,7.00788,1.00,1.20
2008.11.18 04:52:22.822,7.00688,7.00848,1.00,1.20
2008.11.18 04:52:23.852,7.00845,7.00995,1.00,2.40
2008.11.18 04:52:24.201,7.0102,7.0115,1.00,3.00
2008.11.18 04:52:27.700,7.01072,7.01252,1.00,2.40
2008.11.18 04:52:33.559,7.01039,7.01179,1.00,1.20
2008.11.18 04:52:34.538,7.00927,7.01127,1.00,1.00
2008.11.18 04:52:34.649,7.00847,7.01072,2.10,1.20
2008.11.18 04:52:38.558,7.00862,7.00977,1.00,3.00
2008.11.18 04:52:40.438,7.00791,7.01021,1.00,2.40
2008.11.18 04:52:40.937,7.00824,7.00994,1.20,1.20
2008.11.18 04:52:41.327,7.0086,7.0097,1.20,1.20
2008.11.18 04:52:41.727,7.00854,7.00969,1.00,1.20
2008.11.18 04:52:42.637,7.00823,7.00963,1.00,1.20
2008.11.18 04:52:43.217,7.00776,7.00946,1.00,2.40
2008.11.18 04:52:43.967,7.00713,7.00938,1.20,1.20
2008.11.18 04:52:44.376,7.00683,7.00908,1.00,3.00
2008.11.18 04:52:44.726,7.00744,7.00814,1.00,3.00
2008.11.18 04:52:50.085,7.00665,7.00885,1.20,2.40
2008.11.18 04:52:50.765,7.00633,7.00933,1.00,1.00
2008.11.18 04:52:51.045,7.00654,7.00934,2.10,1.20
2008.11.18 04:52:52.544,7.00683,7.00933,1.20,3.00
2008.11.18 04:52:53.355,7.00693,7.00953,2.10,1.00
2008.11.18 04:52:54.404,7.00706,7.00956,1.00,3.00
2008.11.18 04:53:05.329,7.01095,7.01295,1.00,1.70
2008.11.18 04:53:05.729,7.01009,7.01239,2.10,2.40
2008.11.18 04:53:06.139,7.00921,7.01181,1.00,1.00
2008.11.18 04:53:06.419,7.0085,7.01135,1.00,1.00
2008.11.18 04:53:06.829,7.00802,7.01102,2.10,1.00
2008.11.18 04:53:08.399,7.00807,7.01057,1.00,1.00
2008.11.18 04:53:08.678,7.00841,7.01016,1.00,2.40
2008.11.18 04:53:09.018,7.00855,7.01015,2.10,1.20
2008.11.18 04:53:09.298,7.00856,7.01031,1.00,1.20
2008.11.18 04:53:09.637,7.00825,7.01055,1.00,2.40
2008.11.18 04:53:09.978,7.00765,7.01045,2.10,1.20
2008.11.18 04:53:10.318,7.00689,7.00949,1.00,1.00
2008.11.18 04:53:10.827,7.00531,7.00816,1.20,1.20
2008.11.18 04:53:11.358,7.00389,7.00629,1.00,1.00
2008.11.18 04:53:11.628,7.00349,7.00565,2.10,1.00
2008.11.18 04:53:17.416,7.00464,7.00649,1.00,1.20
2008.11.18 04:53:28.124,7.00569,7.00784,1.00,1.00
2008.11.18 04:53:28.404,7.00624,7.00919,1.20,2.40
2008.11.18 04:53:28.813,7.00688,7.00973,1.80,3.00
2008.11.18 04:53:29.173,7.00715,7.01005,1.00,1.00
2008.11.18 04:53:29.573,7.00719,7.01014,1.00,2.40
2008.11.18 04:53:30.033,7.00744,7.00984,2.10,1.20
2008.11.18 04:53:30.773,7.00744,7.00979,1.00,2.40
2008.11.18 04:53:31.703,7.00774,7.00959,1.00,1.20
2008.11.18 04:53:31.993,7.00761,7.00996,1.00,3.00
2008.11.18 04:53:33.403,7.008,7.00985,1.00,1.20
2008.11.18 04:53:34.042,7.00784,7.01019,1.00,2.40
2008.11.18 04:53:34.922,7.00811,7.00996,2.10,1.00
2008.11.18 04:53:35.522,7.00788,7.01023,1.20,1.20
2008.11.18 04:53:35.702,7.00819,7.01029,1.00,1.20
2008.11.18 04:53:36.142,7.00884,7.01069,1.00,2.40
2008.11.18 04:53:37.622,7.00954,7.01189,1.20,1.20
2008.11.18 04:53:37.911,7.01072,7.01282,1.20,1.20
2008.11.18 04:53:38.421,7.011,7.01284,1.00,2.40
2008.11.18 04:53:38.821,7.00972,7.01207,2.10,1.20
2008.11.18 04:53:39.451,7.00884,7.01069,1.00,1.20
2008.11.18 04:53:41.560,7.00823,7.00958,1.00,3.00
2008.11.18 04:53:45.310,7.00743,7.00928,1.00,1.20
2008.11.18 04:53:45.700,7.00692,7.00907,1.60,2.40
2008.11.18 04:53:46.559,7.00651,7.00891,1.20,2.40
2008.11.18 04:53:47.069,7.0059,7.0089,1.20,1.20
2008.11.18 04:53:49.588,7.00557,7.00857,1.00,1.00
2008.11.18 04:53:51.098,7.00533,7.00823,1.00,3.00
2008.11.18 04:53:51.378,7.00526,7.00806,1.00,3.00
2008.11.18 04:53:53.248,7.00543,7.00823,1.00,1.00
2008.11.18 04:53:53.588,7.00591,7.00871,1.00,1.20
2008.11.18 04:53:56.097,7.00665,7.00965,1.00,3.00
2008.11.18 04:53:56.507,7.00795,7.01055,1.00,2.40
2008.11.18 04:53:57.147,7.00897,7.01187,2.10,1.20
2008.11.18 04:53:59.356,7.00959,7.01259,2.10,1.20
2008.11.18 04:54:00.497,7.00986,7.01276,1.00,1.20
2008.11.18 04:54:00.947,7.00909,7.01179,1.00,1.70
2008.11.18 04:54:01.247,7.0081,7.0111,1.20,2.40
2008.11.18 04:54:01.596,7.00755,7.01035,1.00,3.00
2008.11.18 04:54:04.856,7.00705,7.01005,1.20,1.20
2008.11.18 04:54:05.516,7.00711,7.00971,1.00,1.00
2008.11.18 04:54:05.746,7.00705,7.0099,1.00,1.20
2008.11.18 04:54:06.025,7.00755,7.0099,1.20,3.00
2008.11.18 04:54:06.265,7.00798,7.01028,1.00,3.00
2008.11.18 04:54:06.995,7.00829,7.01089,1.00,2.40
2008.11.18 04:54:07.275,7.0087,7.0115,1.00,4.80
2008.11.18 04:54:07.735,7.00931,7.01191,2.20,1.00
2008.11.18 04:54:09.024,7.00981,7.01261,2.10,1.20
2008.11.18 04:54:09.885,7.01069,7.01319,2.10,1.20
2008.11.18 04:54:10.904,7.01133,7.01393,1.00,2.40
2008.11.18 04:54:11.414,7.01132,7.01382,1.00,1.00
2008.11.18 04:54:12.114,7.0102,7.01305,1.00,1.20
2008.11.18 04:54:12.404,7.00956,7.01196,2.10,1.00
2008.11.18 04:54:12.754,7.00891,7.01171,1.00,1.20
2008.11.18 04:54:13.154,7.00891,7.01161,1.00,1.00
2008.11.18 04:54:13.623,7.00921,7.01161,1.00,1.20
2008.11.18 04:54:14.263,7.00938,7.01153,1.00,1.20
2008.11.18 04:54:14.594,7.00957,7.01087,1.00,1.20
2008.11.18 04:54:14.944,7.00917,7.01017,2.10,1.20
2008.11.18 04:54:15.353,7.00857,7.00927,1.00,3.20
2008.11.18 04:54:15.593,7.00754,7.00879,1.00,3.00
2008.11.18 04:54:17.733,7.00726,7.00796,1.00,3.00
2008.11.18 04:54:18.383,7.00676,7.00801,1.20,1.00
2008.11.18 04:54:18.713,7.0069,7.0081,1.00,1.20
2008.11.18 04:54:19.182,7.00714,7.00839,2.10,1.00
2008.11.18 04:54:19.672,7.00734,7.00864,1.00,3.00
2008.11.18 04:54:20.032,7.00753,7.00853,1.00,2.40
2008.11.18 04:54:20.382,7.00726,7.00856,1.00,2.40
2008.11.18 04:54:20.732,7.00678,7.00863,1.00,1.20
2008.11.18 04:54:21.702,7.00629,7.00864,1.00,1.00
2008.11.18 04:54:27.041,7.00602,7.00842,2.10,1.20
2008.11.18 04:54:27.910,7.00612,7.00797,1.00,2.40
2008.11.18 04:54:28.310,7.00582,7.00817,1.00,1.20
2008.11.18 04:54:32.269,7.00623,7.00808,1.00,2.40
2008.11.18 04:54:36.378,7.00619,7.00854,1.00,1.20
2008.11.18 04:54:36.548,7.0062,7.0086,1.00,2.40
2008.11.18 04:54:38.378,7.00591,7.00806,2.10,1.00
2008.11.18 04:54:39.388,7.00478,7.00718,2.10,1.00
2008.11.18 04:54:40.787,7.00319,7.00629,2.10,1.20
2008.11.18 04:54:41.297,7.00283,7.00578,1.20,1.20
2008.11.18 04:54:41.647,7.00356,7.00676,2.10,1.20
2008.11.18 04:54:41.997,7.0049,7.00785,1.00,3.00
2008.11.18 04:54:43.027,7.00583,7.00918,2.20,1.20
2008.11.18 04:54:43.536,7.00674,7.00994,1.00,1.00
2008.11.18 04:54:43.886,7.00735,7.01025,1.00,3.00
2008.11.18 04:54:44.236,7.00766,7.01016,2.10,2.40
2008.11.18 04:54:44.466,7.00771,7.00981,1.00,2.40
2008.11.18 04:54:44.936,7.00729,7.00964,1.00,1.20
2008.11.18 04:54:45.676,7.00678,7.00948,1.00,1.00
2008.11.18 04:54:45.966,7.00662,7.00912,1.20,1.00
2008.11.18 04:54:46.486,7.00645,7.0091,1.20,1.20
2008.11.18 04:54:49.075,7.00662,7.00922,1.00,2.40
2008.11.18 04:54:49.834,7.00729,7.00929,2.10,1.00
2008.11.18 04:54:50.155,7.00767,7.01002,1.00,3.00
2008.11.18 04:54:53.524,7.0083,7.0108,1.00,1.20
2008.11.18 04:54:54.444,7.00901,7.01161,1.20,1.20
2008.11.18 04:54:56.563,7.00989,7.01219,1.00,3.00
2008.11.18 04:54:57.553,7.00998,7.01288,1.00,1.00
2008.11.18 04:55:01.047,7.00999,7.01309,1.00,1.00
2008.11.18 04:55:01.216,7.00939,7.01259,1.00,4.80
2008.11.18 04:55:02.066,7.00877,7.01227,1.00,1.00
2008.11.18 04:55:04.716,7.00883,7.01193,1.20,3.00
2008.11.18 04:55:05.166,7.0089,7.0121,1.00,4.80
2008.11.18 04:55:06.105,7.00963,7.01173,1.00,1.00
2008.11.18 04:55:06.625,7.0095,7.01185,1.00,2.40
2008.11.18 04:55:08.635,7.00889,7.01179,1.00,3.00
2008.11.18 04:55:09.154,7.00814,7.01134,1.00,3.00
2008.11.18 04:55:10.454,7.00725,7.01095,2.10,1.20
2008.11.18 04:55:10.744,7.00705,7.01025,1.00,1.20
2008.11.18 04:55:11.154,7.00737,7.00967,1.00,3.00
2008.11.18 04:55:12.113,7.00714,7.01004,2.10,1.00
2008.11.18 04:55:12.404,7.00707,7.01022,1.20,1.80
2008.11.18 04:55:13.194,7.00695,7.01015,1.00,1.00
2008.11.18 04:55:14.073,7.00659,7.01014,1.00,1.20
2008.11.18 04:55:14.423,7.00672,7.00972,1.00,1.20
2008.11.18 04:55:16.333,7.00704,7.00944,1.00,2.40
2008.11.18 04:55:16.783,7.00736,7.00971,2.10,1.20
2008.11.18 04:55:17.083,7.00806,7.01036,1.00,1.00
2008.11.18 04:55:17.703,7.00914,7.01149,1.00,1.00
2008.11.18 04:55:17.942,7.01007,7.01307,1.20,9.60
2008.11.18 04:55:18.282,7.01061,7.01356,1.00,2.40
2008.11.18 04:55:18.632,7.0101,7.0129,1.00,1.20
2008.11.18 04:55:18.972,7.00957,7.01197,1.00,1.20
2008.11.18 04:55:19.322,7.00894,7.01154,1.00,1.00
2008.11.18 04:55:19.842,7.00843,7.01143,1.00,1.20
2008.11.18 04:55:20.122,7.00854,7.01094,1.00,1.00
2008.11.18 04:55:20.402,7.00823,7.01088,2.10,1.00
2008.11.18 04:55:20.912,7.00727,7.01137,1.00,1.20
2008.11.18 04:55:21.362,7.00748,7.01063,2.10,1.20
2008.11.18 04:55:21.931,7.00637,7.01122,1.00,1.00
2008.11.18 04:55:22.381,7.00632,7.01072,1.00,1.00
2008.11.18 04:55:23.481,7.00631,7.01026,1.00,1.00
2008.11.18 04:55:23.931,7.00639,7.00999,1.00,3.00
2008.11.18 04:55:24.451,7.00634,7.01029,1.00,2.40
2008.11.18 04:55:24.901,7.00694,7.01034,1.00,3.00
2008.11.18 04:55:25.571,7.00678,7.01118,1.00,1.20
2008.11.18 04:55:25.800,7.00666,7.01151,1.00,2.40
2008.11.18 04:55:26.090,7.00548,7.01223,1.00,1.20
2008.11.18 04:55:26.660,7.00667,7.01007,1.00,2.40
2008.11.18 04:55:27.010,7.00621,7.00951,2.10,1.00
2008.11.18 04:55:27.350,7.00588,7.00928,1.00,2.40
2008.11.18 04:55:28.159,7.00593,7.00933,1.00,1.20
2008.11.18 04:55:28.460,7.00626,7.00966,1.00,3.00
2008.11.18 04:55:28.819,7.00765,7.0092,2.10,1.20
2008.11.18 04:55:29.219,7.00817,7.00942,1.00,1.00
2008.11.18 04:55:29.510,7.0078,7.0099,1.00,2.40
2008.11.18 04:55:29.800,7.00809,7.00849,2.10,1.00
2008.11.18 04:55:30.319,7.00665,7.00735,1.20,1.00
2008.11.18 04:55:30.719,7.00492,7.00572,2.10,1.00
2008.11.18 04:55:31.119,7.004,7.00495,1.00,2.40
2008.11.18 04:55:31.819,7.00418,7.00573,1.00,2.40
2008.11.18 04:55:32.309,7.00437,7.00702,1.00,1.20
2008.11.18 04:55:32.589,7.00486,7.00796,2.10,1.00
2008.11.18 04:55:36.977,7.0055,7.0087,1.00,1.20
2008.11.18 04:55:37.258,7.00626,7.00936,1.00,1.20
2008.11.18 04:55:38.777,7.0068,7.0101,1.20,3.00
2008.11.18 04:55:40.697,7.00717,7.01057,1.00,1.20
2008.11.18 04:55:42.137,7.00728,7.01058,2.10,1.20
2008.11.18 04:55:42.487,7.00693,7.01033,1.20,1.20
2008.11.18 04:55:44.496,7.00651,7.00971,1.00,2.40
2008.11.18 04:55:44.716,7.00614,7.00909,1.20,3.00
2008.11.18 04:55:48.695,7.0058,7.009,1.20,1.20
2008.11.18 04:55:48.915,7.00625,7.00935,1.00,1.20
2008.11.18 04:55:52.984,7.00766,7.01031,1.20,1.20
2008.11.18 04:55:53.154,7.00938,7.01198,1.00,1.00
2008.11.18 04:55:53.453,7.01061,7.01291,1.20,1.20
2008.11.18 04:56:03.115,7.00589,7.00799,1.20,1.00
2008.11.18 04:56:04.745,7.00618,7.00823,1.20,1.20
2008.11.18 04:56:07.974,7.00662,7.00872,1.00,1.20
2008.11.18 04:56:08.374,7.00726,7.00931,1.00,1.20
2008.11.18 04:56:10.324,7.00779,7.00989,1.00,1.20
2008.11.18 04:56:11.083,7.00804,7.01009,1.20,9.60
2008.11.18 04:56:11.473,7.00812,7.00962,1.00,1.00
2008.11.18 04:56:12.053,7.00765,7.00925,1.00,3.00
2008.11.18 04:56:12.633,7.00699,7.00909,1.00,3.00
2008.11.18 04:56:13.103,7.00641,7.00901,1.00,1.20
2008.11.18 04:56:13.453,7.00584,7.00899,1.00,1.20
2008.11.18 04:56:13.913,7.00564,7.00859,1.00,1.20
2008.11.18 04:56:14.872,7.00559,7.00819,1.00,3.00
2008.11.18 04:56:15.213,7.0054,7.0085,1.00,1.00
2008.11.18 04:56:15.562,7.00638,7.00853,1.00,1.20
2008.11.18 04:56:15.842,7.00712,7.00977,1.00,1.20
2008.11.18 04:56:16.242,7.00831,7.01146,1.00,1.20
2008.11.18 04:56:16.582,7.0095,7.01325,1.00,3.00
2008.11.18 04:56:16.752,7.00979,7.01409,1.00,1.00
2008.11.18 04:56:17.162,7.00949,7.01309,2.10,1.20
2008.11.18 04:56:17.622,7.00874,7.01234,1.00,1.00
2008.11.18 04:56:18.132,7.00809,7.01224,2.20,1.00
2008.11.18 04:56:19.671,7.00841,7.01201,1.00,1.20
2008.11.18 04:56:20.931,7.00855,7.01245,1.00,1.00
2008.11.18 04:56:21.160,7.00894,7.01264,1.00,3.00
2008.11.18 04:56:21.951,7.00923,7.01253,1.00,1.00
2008.11.18 04:56:22.121,7.009,7.01245,1.00,1.20
2008.11.18 04:56:23.541,7.00847,7.01237,1.00,3.00
2008.11.18 04:56:24.070,7.00804,7.01219,1.00,3.60
2008.11.18 04:56:25.150,7.00797,7.01167,1.00,1.20
2008.11.18 04:56:25.490,7.00745,7.0116,5.50,1.20
2008.11.18 04:56:26.970,7.00715,7.0113,1.00,1.20
2008.11.18 04:56:27.489,7.00714,7.01079,1.00,1.20
2008.11.18 04:56:27.769,7.00675,7.01035,1.00,1.00
2008.11.18 04:56:28.229,7.00594,7.00959,2.10,1.00
2008.11.18 04:56:28.579,7.00453,7.00838,1.00,1.00
2008.11.18 04:56:29.039,7.00302,7.00692,1.00,3.00
2008.11.18 04:56:29.389,7.00181,7.00675,1.00,1.20
2008.11.18 04:56:29.789,7.00252,7.00707,1.00,4.80
2008.11.18 04:56:30.139,7.00376,7.00736,1.00,1.20
2008.11.18 04:56:30.908,7.00397,7.00827,1.00,1.20
2008.11.18 04:56:31.258,7.00415,7.0085,1.00,1.20
2008.11.18 04:56:31.608,7.0038,7.0086,1.00,1.20
2008.11.18 04:56:31.838,7.00405,7.0078,1.00,1.20
2008.11.18 04:56:32.238,7.00281,7.00876,1.00,4.80
2008.11.18 04:56:32.688,7.00268,7.00923,1.00,1.20
2008.11.18 04:56:33.028,7.00599,7.00689,1.00,2.40
2008.11.18 04:56:33.388,7.0061,7.0081,1.00,3.00
2008.11.18 04:56:33.788,7.00769,7.00784,1.00,1.00
2008.11.18 04:56:34.118,7.00724,7.00954,1.20,1.20
2008.11.18 04:56:34.578,7.00857,7.00937,1.20,1.20
2008.11.18 04:56:35.018,7.00879,7.01009,1.20,1.20
2008.11.18 04:56:37.907,7.00899,7.01034,1.00,3.00
2008.11.18 04:56:38.457,7.00878,7.01043,2.10,1.00
2008.11.18 04:56:38.686,7.00871,7.01011,1.00,1.20
2008.11.18 04:56:41.516,7.00838,7.01023,1.00,1.20
2008.11.18 04:56:41.576,7.00828,7.01038,1.20,1.00
2008.11.18 04:56:44.695,7.00813,7.01053,2.10,1.20
2008.11.18 04:56:46.085,7.00819,7.01004,1.00,2.40
2008.11.18 04:56:47.735,7.00668,7.01078,2.10,1.20
2008.11.18 04:56:50.924,7.00659,7.01014,1.00,1.20
2008.11.18 04:56:52.743,7.00626,7.01016,2.10,2.40
2008.11.18 04:56:55.872,7.00656,7.01006,1.00,1.00
2008.11.18 04:56:56.153,7.00676,7.01046,1.80,2.40
2008.11.18 04:56:57.642,7.00722,7.01077,1.00,2.40
2008.11.18 04:56:57.752,7.00753,7.01093,1.00,1.20
2008.11.18 04:57:22.593,7.0114,7.0152,1.20,1.80
2008.11.18 04:57:22.883,7.0117,7.0152,1.20,1.80
2008.11.18 04:57:23.613,7.0114,7.0152,1.20,1.80
2008.11.18 04:57:23.963,7.0117,7.0152,1.20,1.80
2008.11.18 04:57:24.833,7.0114,7.0152,1.20,1.80
2008.11.18 04:57:25.103,7.012,7.0152,1.20,1.80
2008.11.18 04:57:25.322,7.01175,7.0152,1.20,1.80
2008.11.18 04:57:25.542,7.012,7.0152,1.20,1.80
2008.11.18 04:57:26.002,7.0117,7.0152,1.20,1.80
2008.11.18 04:57:26.232,7.0114,7.0152,7.20,1.80
2008.11.18 04:57:26.402,7.012,7.0152,1.20,1.80
2008.11.18 04:57:26.802,7.01225,7.0152,1.20,1.80
2008.11.18 04:57:29.041,7.012,7.0152,1.20,1.80
2008.11.18 04:57:30.281,7.0114,7.0152,1.20,1.80
2008.11.18 04:57:31.151,7.0117,7.0152,1.20,1.80
2008.11.18 04:57:31.781,7.0114,7.0152,1.20,1.80
2008.11.18 04:57:32.411,7.0117,7.0152,1.20,1.80
2008.11.18 04:57:36.340,7.0112,7.0152,24.00,1.80
2008.11.18 04:57:58.754,7.0112,7.0152,30.00,1.80
2008.11.18 04:57:58.984,7.0112,7.0152,31.20,1.80
2008.11.18 04:58:00.094,7.0114,7.0152,1.20,1.80
2008.11.18 04:58:02.163,7.0115,7.0152,6.00,1.80
2008.11.18 04:58:02.223,7.0112,7.0152,31.20,1.80
2008.11.18 04:58:03.063,7.0112,7.0152,25.20,1.80
2008.11.18 04:58:03.343,7.0112,7.0152,24.00,1.80
2008.11.18 04:58:41.704,7.0112,7.0152,31.20,1.80
2008.11.18 04:58:54.351,7.0112,7.0152,30.00,1.80
2008.11.18 04:58:54.581,7.0112,7.0152,24.00,1.80
2008.11.18 04:58:58.650,7.014,7.0152,1.20,1.80
2008.11.18 04:58:59.170,7.0143,7.0158,1.20,1.80
2008.11.18 04:59:06.738,7.01455,7.0158,1.20,1.80
2008.11.18 04:59:06.978,7.0146,7.0158,7.20,1.80
2008.11.18 04:59:07.088,7.0143,7.0158,1.20,1.80
2008.11.18 04:59:08.317,7.014,7.0158,1.20,1.80
2008.11.18 04:59:08.717,7.0143,7.0152,1.20,1.80
2008.11.18 04:59:08.877,7.0143,7.0158,1.20,1.80
2008.11.18 04:59:09.047,7.014,7.0158,1.20,1.80
2008.11.18 04:59:09.397,7.014,7.0152,1.20,1.80
2008.11.18 04:59:09.627,7.0143,7.0152,1.20,1.80
2008.11.18 04:59:09.927,7.0143,7.0158,1.20,1.80
2008.11.18 04:59:14.956,7.014,7.0158,1.20,1.80
2008.11.18 04:59:15.566,7.014,7.0152,1.20,1.80
2008.11.18 04:59:16.196,7.0143,7.0152,1.20,1.80
2008.11.18 04:59:16.305,7.0143,7.0158,1.20,1.80
2008.11.18 04:59:19.815,7.014,7.0158,1.20,1.80
2008.11.18 04:59:20.105,7.014,7.0152,1.20,1.80
2008.11.18 04:59:31.352,7.0143,7.0158,1.20,1.80
2008.11.18 04:59:42.609,7.014,7.0158,1.20,1.80
2008.11.18 04:59:42.889,7.014,7.0152,1.20,1.80
2008.11.18 04:59:55.856,7.014,7.0152,1.20,1.80
2008.11.18 04:59:59.835,7.0137,7.0152,1.20,1.80
