2011.06.01 14:00:00.397,5.37017,5.37463,1.50,1.74
2011.06.01 14:00:00.726,5.37017,5.37463,1.50,1.74
2011.06.01 14:00:01.870,5.36993,5.37362,4.50,1.58
2011.06.01 14:00:02.188,5.37032,5.3735,1.50,1.03
2011.06.01 14:00:02.756,5.37054,5.3735,1.50,1.03
2011.06.01 14:00:02.874,5.37066,5.37423,1.50,1.31
2011.06.01 14:00:02.989,5.36999,5.37438,1.50,1.74
2011.06.01 14:00:03.097,5.36999,5.37335,1.50,1.25
2011.06.01 14:00:03.209,5.36999,5.37335,1.50,1.25
2011.06.01 14:00:03.317,5.36999,5.37302,1.50,1.07
2011.06.01 14:00:03.429,5.36998,5.37302,1.50,1.07
2011.06.01 14:00:03.542,5.36987,5.37266,1.50,1.07
2011.06.01 14:00:03.657,5.36961,5.37266,1.50,1.07
2011.06.01 14:00:03.769,5.36961,5.37248,1.50,1.30
2011.06.01 14:00:03.990,5.3696,5.37274,1.50,1.23
2011.06.01 14:00:04.100,5.3696,5.37294,1.50,1.26
2011.06.01 14:00:04.208,5.3696,5.37294,1.50,1.26
2011.06.01 14:00:04.788,5.3696,5.37313,1.50,1.20
2011.06.01 14:00:04.913,5.3696,5.37407,1.50,1.35
2011.06.01 14:00:05.250,5.36966,5.37372,1.50,1.31
2011.06.01 14:00:05.867,5.36966,5.37372,1.50,1.31
2011.06.01 14:00:06.087,5.36957,5.37346,1.50,1.38
2011.06.01 14:00:06.542,5.36957,5.37335,1.50,1.38
2011.06.01 14:00:06.647,5.36963,5.37335,1.50,1.38
2011.06.01 14:00:07.340,5.36936,5.37329,1.50,1.38
2011.06.01 14:00:07.465,5.36957,5.37329,1.50,1.36
2011.06.01 14:00:07.579,5.36957,5.37329,1.50,1.40
2011.06.01 14:00:07.690,5.36933,5.37329,1.50,1.40
2011.06.01 14:00:08.020,5.36941,5.37345,1.50,1.40
2011.06.01 14:00:08.467,5.36915,5.37248,1.50,1.07
2011.06.01 14:00:08.580,5.36861,5.37234,3.75,1.30
2011.06.01 14:00:08.697,5.36829,5.37234,1.50,1.30
2011.06.01 14:00:08.811,5.36828,5.37232,1.50,1.24
2011.06.01 14:00:09.148,5.36832,5.37224,1.50,1.37
2011.06.01 14:00:09.368,5.36828,5.37233,1.50,1.74
2011.06.01 14:00:10.003,5.36819,5.37215,1.13,1.74
2011.06.01 14:00:10.337,5.36819,5.37215,1.13,1.74
2011.06.01 14:00:10.562,5.36826,5.37225,1.50,1.74
2011.06.01 14:00:10.899,5.36864,5.37248,1.50,1.74
2011.06.01 14:00:11.008,5.36878,5.37299,2.25,1.74
2011.06.01 14:00:11.228,5.36898,5.3732,1.50,1.74
2011.06.01 14:00:11.448,5.36914,5.37339,1.50,5.49
2011.06.01 14:00:11.778,5.37017,5.37203,2.25,2.25
2011.06.01 14:00:12.519,5.37008,5.37192,2.25,2.25
2011.06.01 14:00:12.758,5.37027,5.37213,2.25,2.25
2011.06.01 14:00:13.088,5.37038,5.37222,2.25,2.25
2011.06.01 14:00:13.639,5.37028,5.37212,2.25,2.25
2011.06.01 14:00:13.857,5.36998,5.37252,2.25,2.25
2011.06.01 14:00:14.079,5.36988,5.37232,2.25,2.25
2011.06.01 14:00:14.408,5.36948,5.37202,3.00,2.25
2011.06.01 14:00:14.992,5.36948,5.37202,3.00,2.25
2011.06.01 14:00:15.113,5.36918,5.37172,3.00,2.25
2011.06.01 14:00:15.449,5.36918,5.37172,2.25,2.25
2011.06.01 14:00:15.557,5.3685,5.37249,1.50,1.74
2011.06.01 14:00:15.668,5.3685,5.37249,1.50,1.74
2011.06.01 14:00:15.778,5.36847,5.37223,1.50,1.74
2011.06.01 14:00:16.109,5.36828,5.37213,1.50,1.74
2011.06.01 14:00:16.437,5.36837,5.37219,1.50,1.74
2011.06.01 14:00:16.768,5.36888,5.37132,2.25,2.25
2011.06.01 14:00:16.878,5.36877,5.37133,2.25,2.25
2011.06.01 14:00:17.208,5.36808,5.37172,1.28,1.74
2011.06.01 14:00:17.853,5.36821,5.37144,1.50,2.01
2011.06.01 14:00:18.078,5.36848,5.37102,3.00,2.25
2011.06.01 14:00:18.187,5.36848,5.37102,2.25,3.00
2011.06.01 14:00:18.298,5.36838,5.37082,3.00,2.25
2011.06.01 14:00:18.929,5.36838,5.37082,3.00,2.25
2011.06.01 14:00:19.040,5.36847,5.37103,3.00,3.00
2011.06.01 14:00:19.258,5.36847,5.37103,3.00,3.00
2011.06.01 14:00:19.630,5.36847,5.37103,2.25,3.00
2011.06.01 14:00:19.961,5.36847,5.37093,3.00,2.25
2011.06.01 14:00:20.625,5.36827,5.37083,3.00,3.24
2011.06.01 14:00:20.746,5.36798,5.37037,1.65,1.50
2011.06.01 14:00:20.860,5.36798,5.37037,1.65,1.50
2011.06.01 14:00:20.970,5.36798,5.37037,1.65,1.50
2011.06.01 14:00:21.418,5.36798,5.37062,1.65,1.50
2011.06.01 14:00:21.529,5.36798,5.37012,1.65,2.25
2011.06.01 14:00:21.639,5.36798,5.37023,1.65,3.00
2011.06.01 14:00:21.750,5.36798,5.37023,1.65,2.25
2011.06.01 14:00:21.861,5.36817,5.37084,1.13,1.50
2011.06.01 14:00:21.979,5.36818,5.37093,1.13,1.50
2011.06.01 14:00:22.199,5.36838,5.37093,1.50,3.00
2011.06.01 14:00:22.418,5.36878,5.37168,1.50,1.50
2011.06.01 14:00:23.083,5.36888,5.3713,1.50,3.75
2011.06.01 14:00:23.310,5.36888,5.37149,5.25,4.50
2011.06.01 14:00:23.836,5.36888,5.37149,5.25,4.50
2011.06.01 14:00:23.948,5.36868,5.3712,3.75,4.50
2011.06.01 14:00:24.277,5.36866,5.3712,1.50,4.50
2011.06.01 14:00:24.606,5.3688,5.37139,3.75,1.50
2011.06.01 14:00:24.936,5.36853,5.37116,4.50,4.50
2011.06.01 14:00:25.048,5.36854,5.37116,1.50,3.75
2011.06.01 14:00:25.159,5.3687,5.3712,1.50,3.75
2011.06.01 14:00:25.791,5.36877,5.37138,4.50,4.50
2011.06.01 14:00:25.914,5.36867,5.37119,3.00,4.50
2011.06.01 14:00:26.468,5.36868,5.37123,4.50,3.00
2011.06.01 14:00:26.800,5.36861,5.37117,4.50,4.50
2011.06.01 14:00:27.139,5.36877,5.37116,3.00,4.50
2011.06.01 14:00:27.819,5.36878,5.37109,3.00,1.50
2011.06.01 14:00:28.041,5.36867,5.37097,3.00,1.50
2011.06.01 14:00:29.527,5.36878,5.37072,3.00,3.00
2011.06.01 14:00:29.967,5.36878,5.37072,3.00,3.00
2011.06.01 14:00:31.880,5.36908,5.37092,3.00,3.00
2011.06.01 14:00:32.008,5.36915,5.37093,1.50,3.00
2011.06.01 14:00:32.121,5.36937,5.37123,3.00,3.00
2011.06.01 14:00:32.459,5.36967,5.37152,3.00,4.50
2011.06.01 14:00:33.418,5.36967,5.37117,3.00,1.13
2011.06.01 14:00:33.530,5.36967,5.37114,3.00,1.13
2011.06.01 14:00:33.652,5.36967,5.37121,2.25,1.50
2011.06.01 14:00:33.769,5.36913,5.37121,1.50,1.50
2011.06.01 14:00:33.991,5.36897,5.37142,4.50,1.50
2011.06.01 14:00:34.643,5.36863,5.37107,1.50,1.50
2011.06.01 14:00:34.977,5.36854,5.37102,1.50,1.50
2011.06.01 14:00:35.859,5.36849,5.37095,1.50,1.50
2011.06.01 14:00:37.937,5.36878,5.37072,3.00,3.00
2011.06.01 14:00:38.491,5.36916,5.37082,1.50,2.25
2011.06.01 14:00:38.720,5.36916,5.37162,1.50,1.50
2011.06.01 14:00:38.938,5.36937,5.37158,1.50,4.50
2011.06.01 14:00:39.050,5.36928,5.37158,1.50,4.50
2011.06.01 14:00:39.909,5.36868,5.37104,1.50,1.50
2011.06.01 14:00:40.253,5.36893,5.37129,4.50,1.50
2011.06.01 14:00:40.591,5.36937,5.37123,3.00,3.00
2011.06.01 14:00:40.929,5.36937,5.37133,3.00,2.25
2011.06.01 14:00:41.260,5.36937,5.37133,3.00,3.00
2011.06.01 14:00:41.599,5.36957,5.37153,3.00,3.00
2011.06.01 14:00:42.627,5.36948,5.37131,2.25,1.50
2011.06.01 14:00:42.740,5.36948,5.37131,3.00,1.50
2011.06.01 14:00:42.851,5.36948,5.37131,2.25,1.50
2011.06.01 14:00:43.081,5.36905,5.37092,4.50,2.25
2011.06.01 14:00:43.308,5.36908,5.37102,6.75,2.63
2011.06.01 14:00:43.419,5.36908,5.37082,4.50,2.25
2011.06.01 14:00:43.861,5.36907,5.37103,3.00,2.63
2011.06.01 14:00:44.308,5.36927,5.37113,3.00,2.25
2011.06.01 14:00:45.281,5.36928,5.37122,3.00,2.25
2011.06.01 14:00:45.508,5.36928,5.37122,3.00,2.25
2011.06.01 14:00:45.729,5.36948,5.37132,3.00,2.25
2011.06.01 14:00:45.951,5.36947,5.37143,3.00,3.00
2011.06.01 14:00:46.070,5.36958,5.37142,3.00,2.25
2011.06.01 14:00:48.285,5.36988,5.37182,3.00,3.00
2011.06.01 14:00:48.399,5.36968,5.37162,3.00,2.63
2011.06.01 14:00:48.510,5.36958,5.37142,3.00,2.25
2011.06.01 14:00:49.167,5.36958,5.37152,3.00,2.63
2011.06.01 14:00:49.280,5.36957,5.37153,3.00,2.25
2011.06.01 14:00:49.391,5.36968,5.37162,3.00,2.25
2011.06.01 14:00:49.621,5.36978,5.37172,3.75,2.25
2011.06.01 14:00:50.069,5.36988,5.37182,3.00,2.25
2011.06.01 14:00:50.178,5.37057,5.37218,3.00,3.75
2011.06.01 14:00:50.289,5.37114,5.37218,1.50,3.75
2011.06.01 14:00:50.399,5.37128,5.37322,3.00,3.24
2011.06.01 14:00:50.510,5.37138,5.37332,3.00,3.00
2011.06.01 14:00:51.134,5.37127,5.37333,3.00,3.00
2011.06.01 14:00:51.249,5.37121,5.37292,1.13,3.00
2011.06.01 14:00:51.358,5.37103,5.37292,4.50,3.00
2011.06.01 14:00:52.238,5.37108,5.37302,3.00,3.00
2011.06.01 14:00:52.570,5.37108,5.37302,3.00,3.00
2011.06.01 14:00:52.909,5.37108,5.37292,3.00,3.00
2011.06.01 14:00:53.907,5.37138,5.37332,2.25,3.00
2011.06.01 14:00:54.024,5.37079,5.37292,1.50,2.25
2011.06.01 14:00:54.144,5.37078,5.37294,2.25,3.75
2011.06.01 14:00:54.262,5.37138,5.37317,3.00,4.50
2011.06.01 14:00:54.603,5.37088,5.37272,6.75,2.25
2011.06.01 14:00:54.938,5.37088,5.37243,4.50,2.25
2011.06.01 14:00:55.051,5.37088,5.37263,4.50,2.25
2011.06.01 14:00:55.172,5.37058,5.37252,3.00,3.00
2011.06.01 14:00:56.704,5.37097,5.37293,3.00,3.00
2011.06.01 14:00:57.308,5.37108,5.37302,3.00,3.00
2011.06.01 14:00:57.640,5.37127,5.37323,3.00,2.25
2011.06.01 14:00:57.861,5.37187,5.37373,3.00,3.14
2011.06.01 14:00:57.977,5.37187,5.37373,3.00,3.00
2011.06.01 14:00:58.637,5.37188,5.37382,3.00,3.00
2011.06.01 14:00:59.409,5.37147,5.37333,3.00,3.00
2011.06.01 14:01:00.216,5.37167,5.37363,3.00,3.00
2011.06.01 14:01:01.309,5.37167,5.37363,3.00,3.00
2011.06.01 14:01:01.748,5.37158,5.37342,3.00,3.00
2011.06.01 14:01:02.906,5.3715,5.37332,1.50,3.00
2011.06.01 14:01:03.570,5.37177,5.37373,3.75,3.75
2011.06.01 14:01:03.908,5.37177,5.37352,3.00,1.50
2011.06.01 14:01:04.724,5.37177,5.37349,3.00,1.13
2011.06.01 14:01:05.994,5.37208,5.37357,3.00,1.13
2011.06.01 14:01:06.331,5.37238,5.37399,3.00,1.13
2011.06.01 14:01:06.560,5.37238,5.37399,3.00,1.13
2011.06.01 14:01:06.669,5.37268,5.37412,3.00,1.13
2011.06.01 14:01:06.997,5.37268,5.37412,3.00,1.13
2011.06.01 14:01:07.110,5.37268,5.37412,3.00,1.13
2011.06.01 14:01:07.218,5.37268,5.37432,3.00,1.13
2011.06.01 14:01:07.550,5.37277,5.37432,3.00,1.50
2011.06.01 14:01:08.710,5.37308,5.37492,3.00,3.04
2011.06.01 14:01:09.730,5.37307,5.37493,3.00,3.00
2011.06.01 14:01:09.961,5.37297,5.37482,3.00,1.50
2011.06.01 14:01:10.814,5.37298,5.37482,3.00,3.00
2011.06.01 14:01:11.262,5.37327,5.37502,3.00,1.50
2011.06.01 14:01:11.492,5.37298,5.37473,3.00,1.50
2011.06.01 14:01:11.719,5.37288,5.37463,3.00,1.50
2011.06.01 14:01:12.049,5.37278,5.37443,3.00,1.50
2011.06.01 14:01:12.709,5.3725,5.37405,4.50,1.13
2011.06.01 14:01:13.532,5.37228,5.37403,3.00,1.50
2011.06.01 14:01:13.774,5.37267,5.37453,3.00,3.00
2011.06.01 14:01:13.891,5.37267,5.37453,3.00,3.00
2011.06.01 14:01:14.120,5.37268,5.37442,1.50,3.00
2011.06.01 14:01:14.460,5.37277,5.37463,3.75,3.15
2011.06.01 14:01:16.231,5.37217,5.37423,1.50,1.54
2011.06.01 14:01:16.449,5.37217,5.37403,3.00,3.00
2011.06.01 14:01:16.560,5.37217,5.37403,3.75,3.00
2011.06.01 14:01:16.888,5.37227,5.37413,3.00,3.79
2011.06.01 14:01:17.437,5.37218,5.37383,3.00,1.50
2011.06.01 14:01:17.549,5.37218,5.37373,2.25,1.50
2011.06.01 14:01:17.659,5.37198,5.37373,3.00,1.50
2011.06.01 14:01:19.919,5.37188,5.37343,3.00,1.50
2011.06.01 14:01:20.913,5.37177,5.37342,1.50,2.25
2011.06.01 14:01:21.029,5.37167,5.37353,3.75,3.00
2011.06.01 14:01:22.346,5.37167,5.37363,3.00,3.00
2011.06.01 14:01:22.789,5.37134,5.37343,4.50,1.50
2011.06.01 14:01:24.599,5.37148,5.37322,3.00,1.50
2011.06.01 14:01:25.839,5.37118,5.37302,3.75,3.00
2011.06.01 14:01:26.169,5.37127,5.37313,3.00,3.00
2011.06.01 14:01:26.500,5.37117,5.37303,3.00,3.00
2011.06.01 14:01:27.051,5.37088,5.37273,1.50,3.00
2011.06.01 14:01:27.391,5.37068,5.37252,2.25,3.75
2011.06.01 14:01:27.838,5.37018,5.37232,1.50,1.50
2011.06.01 14:01:28.467,5.37018,5.37232,1.50,1.50
2011.06.01 14:01:28.801,5.37067,5.37212,1.50,3.00
2011.06.01 14:01:29.249,5.37046,5.37212,1.13,3.00
2011.06.01 14:01:29.580,5.36982,5.37183,4.50,1.50
2011.06.01 14:01:31.037,5.36968,5.37143,1.50,3.00
2011.06.01 14:01:31.557,5.36998,5.37188,1.50,4.50
2011.06.01 14:01:31.778,5.37038,5.37188,1.50,4.13
2011.06.01 14:01:32.221,5.36988,5.37182,1.50,1.50
2011.06.01 14:01:32.559,5.36987,5.37183,1.50,1.50
2011.06.01 14:01:33.614,5.36987,5.37152,1.50,3.00
2011.06.01 14:01:33.953,5.37017,5.37173,1.50,3.00
2011.06.01 14:01:35.069,5.37017,5.37182,1.50,3.00
2011.06.01 14:01:35.949,5.36998,5.37182,3.75,3.00
2011.06.01 14:01:36.610,5.37008,5.37182,1.50,3.00
2011.06.01 14:01:36.717,5.37028,5.37203,1.50,3.00
2011.06.01 14:01:38.278,5.37028,5.37202,1.50,3.00
2011.06.01 14:01:39.787,5.37038,5.37213,1.50,3.00
2011.06.01 14:01:41.750,5.37048,5.37213,1.50,2.25
2011.06.01 14:01:41.871,5.37048,5.37213,1.50,2.25
2011.06.01 14:01:41.991,5.37079,5.37222,1.50,2.25
2011.06.01 14:01:42.113,5.37107,5.37222,1.50,2.25
2011.06.01 14:01:42.232,5.37138,5.37316,4.50,1.13
2011.06.01 14:01:42.352,5.3717,5.37335,1.50,1.13
2011.06.01 14:01:42.471,5.37168,5.37365,4.50,1.13
2011.06.01 14:01:42.592,5.37218,5.37393,1.50,1.50
2011.06.01 14:01:43.432,5.37154,5.37328,1.13,1.50
2011.06.01 14:01:43.552,5.37143,5.37328,1.13,1.50
2011.06.01 14:01:43.887,5.37137,5.37328,1.50,1.50
2011.06.01 14:01:44.359,5.37137,5.37302,1.50,2.63
2011.06.01 14:01:44.582,5.37162,5.37313,1.13,3.00
2011.06.01 14:01:44.919,5.37162,5.37333,1.13,3.00
2011.06.01 14:01:45.029,5.37177,5.37333,1.13,3.00
2011.06.01 14:01:46.005,5.37187,5.37362,1.50,3.00
2011.06.01 14:01:46.118,5.37195,5.37362,1.13,3.00
2011.06.01 14:01:46.450,5.37245,5.37403,1.13,3.00
2011.06.01 14:01:46.897,5.37245,5.37403,1.13,3.00
2011.06.01 14:01:47.254,5.37248,5.37403,1.13,3.00
2011.06.01 14:01:48.139,5.37238,5.37403,1.50,3.00
2011.06.01 14:01:48.360,5.37227,5.37392,1.50,3.00
2011.06.01 14:01:49.207,5.37232,5.37392,1.13,3.00
2011.06.01 14:01:49.540,5.37238,5.37393,1.13,3.00
2011.06.01 14:01:50.838,5.37233,5.37402,1.13,3.00
2011.06.01 14:01:51.939,5.37224,5.37382,1.13,3.00
2011.06.01 14:01:52.936,5.37224,5.37392,1.13,3.00
2011.06.01 14:01:53.057,5.37247,5.37392,1.13,3.00
2011.06.01 14:01:53.502,5.37247,5.37402,1.13,3.00
2011.06.01 14:01:54.102,5.37247,5.37402,1.13,3.00
2011.06.01 14:01:54.328,5.37247,5.37402,1.50,3.00
2011.06.01 14:01:54.658,5.37247,5.37402,1.50,3.00
2011.06.01 14:01:56.867,5.37158,5.37343,1.50,3.00
2011.06.01 14:01:58.278,5.37158,5.37332,1.50,3.04
2011.06.01 14:01:59.818,5.37158,5.37343,1.50,3.14
2011.06.01 14:02:00.551,5.37148,5.37292,3.75,3.00
2011.06.01 14:02:00.900,5.37168,5.37322,3.00,3.00
2011.06.01 14:02:01.230,5.37197,5.37343,3.00,3.04
2011.06.01 14:02:02.012,5.37207,5.37343,1.50,2.89
2011.06.01 14:02:02.133,5.37208,5.37346,3.00,1.01
2011.06.01 14:02:03.847,5.37217,5.37342,1.50,1.01
2011.06.01 14:02:04.070,5.37198,5.37343,3.00,1.01
2011.06.01 14:02:05.158,5.37213,5.37342,1.13,3.26
2011.06.01 14:02:05.271,5.37218,5.37342,1.13,2.67
2011.06.01 14:02:05.389,5.37218,5.37342,1.13,3.00
2011.06.01 14:02:06.409,5.37207,5.37332,1.13,3.00
2011.06.01 14:02:06.520,5.37207,5.37343,3.75,1.01
2011.06.01 14:02:06.958,5.37207,5.37342,3.75,1.01
2011.06.01 14:02:07.399,5.37198,5.37332,1.50,3.00
2011.06.01 14:02:08.387,5.37198,5.37342,3.75,3.26
2011.06.01 14:02:09.245,5.37217,5.37332,1.50,2.25
2011.06.01 14:02:09.364,5.37217,5.37344,1.50,1.01
2011.06.01 14:02:09.707,5.37208,5.37333,3.00,1.50
2011.06.01 14:02:09.821,5.37138,5.37332,1.50,1.74
2011.06.01 14:02:10.598,5.37137,5.37308,1.50,1.01
2011.06.01 14:02:12.057,5.37137,5.37273,1.13,3.00
2011.06.01 14:02:12.174,5.37108,5.37242,3.75,3.22
2011.06.01 14:02:12.650,5.37108,5.3729,1.50,1.01
2011.06.01 14:02:12.871,5.37177,5.37302,1.13,1.01
2011.06.01 14:02:12.990,5.37188,5.37336,1.50,1.20
2011.06.01 14:02:13.319,5.37201,5.37327,1.13,1.01
2011.06.01 14:02:13.430,5.37238,5.37362,1.13,1.18
2011.06.01 14:02:13.540,5.37257,5.37362,1.13,2.68
2011.06.01 14:02:13.660,5.37257,5.37378,1.13,1.01
2011.06.01 14:02:14.337,5.37238,5.37373,1.50,3.22
2011.06.01 14:02:14.975,5.37256,5.37363,1.13,2.25
2011.06.01 14:02:15.468,5.37258,5.37392,1.13,3.00
2011.06.01 14:02:15.688,5.37259,5.37392,1.13,3.00
2011.06.01 14:02:16.140,5.37248,5.37392,3.00,3.00
2011.06.01 14:02:16.848,5.37252,5.37392,1.13,3.00
2011.06.01 14:02:16.958,5.37247,5.37383,3.75,3.00
2011.06.01 14:02:17.982,5.37237,5.37383,3.75,2.25
2011.06.01 14:02:18.214,5.37238,5.37383,1.13,3.00
2011.06.01 14:02:18.438,5.3724,5.37383,1.13,3.00
2011.06.01 14:02:18.771,5.37347,5.37383,1.50,2.25
2011.06.01 14:02:19.001,5.37386,5.37534,1.13,1.24
2011.06.01 14:02:19.119,5.37386,5.37534,1.13,1.24
2011.06.01 14:02:19.228,5.37386,5.37544,1.13,1.02
2011.06.01 14:02:19.451,5.37386,5.37548,1.13,1.35
2011.06.01 14:02:19.571,5.3737,5.3752,1.13,1.35
2011.06.01 14:02:19.910,5.37347,5.37491,1.29,1.35
2011.06.01 14:02:20.693,5.37378,5.37489,3.00,1.20
2011.06.01 14:02:20.815,5.37337,5.37489,1.13,1.20
2011.06.01 14:02:20.928,5.37337,5.37472,1.13,2.85
2011.06.01 14:02:21.258,5.37307,5.37453,1.13,1.35
2011.06.01 14:02:21.588,5.37337,5.37462,1.50,2.85
2011.06.01 14:02:21.699,5.37388,5.37515,1.13,4.35
2011.06.01 14:02:21.808,5.37388,5.37541,1.13,1.35
2011.06.01 14:02:22.360,5.3741,5.37558,1.13,1.20
2011.06.01 14:02:22.470,5.3741,5.37573,1.13,1.35
2011.06.01 14:02:22.581,5.37441,5.37583,1.13,2.85
2011.06.01 14:02:22.698,5.3743,5.37581,1.13,1.35
2011.06.01 14:02:23.437,5.37443,5.37594,1.13,1.35
2011.06.01 14:02:23.661,5.37443,5.37609,1.13,1.35
2011.06.01 14:02:23.780,5.37443,5.37609,1.13,1.35
2011.06.01 14:02:24.219,5.37448,5.37609,1.13,1.35
2011.06.01 14:02:25.557,5.37454,5.37609,1.13,1.35
2011.06.01 14:02:25.889,5.37454,5.37593,1.13,3.00
2011.06.01 14:02:26.585,5.3745,5.37579,1.13,1.35
2011.06.01 14:02:26.700,5.3745,5.37583,1.13,3.00
2011.06.01 14:02:27.028,5.3745,5.37583,1.13,3.00
2011.06.01 14:02:27.250,5.37459,5.37583,1.13,2.25
2011.06.01 14:02:27.471,5.37498,5.37583,1.50,2.25
2011.06.01 14:02:28.137,5.37508,5.37662,3.00,3.22
2011.06.01 14:02:28.468,5.37508,5.37662,3.00,3.22
2011.06.01 14:02:29.868,5.37508,5.37652,3.00,3.26
2011.06.01 14:02:30.971,5.37498,5.37644,3.00,1.02
2011.06.01 14:02:31.310,5.37498,5.37612,2.25,1.01
2011.06.01 14:02:31.528,5.37447,5.37628,1.50,1.57
2011.06.01 14:02:31.641,5.37447,5.37628,1.50,1.57
2011.06.01 14:02:32.467,5.37428,5.37597,1.50,1.57
2011.06.01 14:02:32.911,5.37478,5.37626,1.50,1.01
2011.06.01 14:02:33.250,5.37483,5.37632,1.13,1.57
2011.06.01 14:02:33.360,5.37488,5.37632,3.00,3.60
2011.06.01 14:02:34.691,5.37488,5.37632,3.75,2.63
2011.06.01 14:02:35.450,5.37547,5.37678,1.50,1.30
2011.06.01 14:02:35.536,5.37558,5.37693,1.50,3.22
2011.06.01 14:02:35.980,5.37588,5.37693,1.50,2.47
2011.06.01 14:02:36.090,5.37597,5.37693,1.13,2.25
2011.06.01 14:02:36.198,5.37597,5.37693,1.13,2.25
2011.06.01 14:02:36.310,5.37597,5.37722,1.13,1.11
2011.06.01 14:02:36.418,5.37597,5.37722,1.13,1.11
2011.06.01 14:02:36.969,5.37597,5.3774,1.13,1.01
2011.06.01 14:02:37.300,5.37588,5.37737,1.13,1.20
2011.06.01 14:02:38.182,5.37608,5.37764,1.50,1.33
2011.06.01 14:02:38.413,5.37637,5.37764,1.50,1.09
2011.06.01 14:02:38.532,5.37637,5.37789,1.50,1.01
2011.06.01 14:02:38.651,5.37658,5.37803,1.50,1.10
2011.06.01 14:02:38.773,5.37674,5.37803,1.13,1.10
2011.06.01 14:02:39.226,5.37677,5.37803,1.50,1.07
2011.06.01 14:02:39.346,5.37698,5.37842,1.13,1.01
2011.06.01 14:02:39.683,5.37668,5.37831,2.63,1.20
2011.06.01 14:02:40.238,5.37672,5.37829,1.13,1.01
2011.06.01 14:02:40.348,5.37668,5.37829,1.13,1.01
2011.06.01 14:02:40.929,5.37637,5.37813,1.50,3.22
2011.06.01 14:02:41.042,5.37637,5.37805,1.50,1.20
2011.06.01 14:02:42.270,5.37678,5.37822,1.50,3.45
2011.06.01 14:02:43.881,5.37668,5.37837,2.25,1.72
2011.06.01 14:02:44.001,5.37638,5.37797,1.50,1.35
2011.06.01 14:02:44.561,5.37648,5.37797,1.50,1.57
2011.06.01 14:02:44.678,5.37628,5.3779,1.50,1.20
2011.06.01 14:02:44.788,5.37638,5.3779,1.50,1.20
2011.06.01 14:02:45.011,5.37648,5.37815,3.00,1.01
2011.06.01 14:02:45.127,5.37648,5.37815,3.00,1.01
2011.06.01 14:02:45.349,5.37657,5.37828,3.75,1.57
2011.06.01 14:02:45.459,5.37667,5.37833,3.00,1.01
2011.06.01 14:02:45.570,5.37678,5.37852,1.50,1.08
2011.06.01 14:02:45.680,5.37678,5.37862,3.75,3.22
2011.06.01 14:02:46.350,5.37698,5.37865,3.00,1.20
2011.06.01 14:02:47.788,5.37687,5.37865,3.75,1.57
2011.06.01 14:02:48.449,5.37678,5.37834,2.25,1.57
2011.06.01 14:02:48.559,5.37678,5.37833,2.25,1.72
2011.06.01 14:02:48.671,5.37638,5.37822,3.00,3.22
2011.06.01 14:02:48.791,5.37638,5.37797,2.25,1.57
2011.06.01 14:02:48.911,5.37627,5.37797,2.25,1.57
2011.06.01 14:02:49.549,5.37627,5.37797,2.25,1.57
2011.06.01 14:02:49.664,5.37607,5.37793,3.00,3.22
2011.06.01 14:02:50.003,5.37607,5.37793,3.00,3.22
2011.06.01 14:02:50.891,5.37587,5.37773,3.00,3.22
2011.06.01 14:02:51.010,5.37587,5.37755,2.25,1.57
2011.06.01 14:02:51.120,5.37568,5.37742,2.25,1.72
2011.06.01 14:02:51.231,5.37568,5.37728,2.25,1.35
2011.06.01 14:02:51.350,5.37538,5.37722,3.00,2.47
2011.06.01 14:02:52.248,5.37538,5.37719,3.75,1.10
2011.06.01 14:02:52.360,5.37548,5.37722,1.29,3.13
2011.06.01 14:02:52.472,5.37577,5.37743,1.13,3.12
2011.06.01 14:02:52.810,5.37588,5.37772,3.00,3.07
2011.06.01 14:02:52.918,5.37588,5.37772,3.75,2.85
2011.06.01 14:02:53.028,5.37588,5.37772,3.75,2.25
2011.06.01 14:02:53.141,5.37608,5.37781,3.00,1.02
2011.06.01 14:02:53.261,5.37612,5.37792,1.35,3.00
2011.06.01 14:02:53.599,5.37594,5.37772,3.75,2.47
2011.06.01 14:02:53.710,5.37578,5.37762,3.00,2.47
2011.06.01 14:02:53.929,5.37562,5.37742,1.35,2.47
2011.06.01 14:02:54.149,5.37578,5.37762,2.25,3.22
2011.06.01 14:02:55.078,5.37578,5.3775,3.00,1.01
2011.06.01 14:02:55.988,5.37558,5.3774,3.23,1.01
2011.06.01 14:02:56.103,5.37545,5.37702,1.13,3.22
2011.06.01 14:02:56.220,5.37522,5.37692,1.50,2.47
2011.06.01 14:02:56.443,5.37567,5.37735,2.63,1.01
2011.06.01 14:02:56.559,5.37567,5.37732,2.25,1.01
2011.06.01 14:02:56.670,5.37547,5.37732,3.00,1.01
2011.06.01 14:02:58.342,5.37547,5.37722,3.00,1.21
2011.06.01 14:03:00.167,5.37538,5.37712,3.00,1.71
2011.06.01 14:03:01.098,5.37538,5.37698,3.00,1.03
2011.06.01 14:03:01.208,5.37527,5.37702,3.00,1.58
2011.06.01 14:03:01.946,5.37548,5.37705,3.00,1.11
2011.06.01 14:03:02.065,5.37527,5.37672,2.25,1.08
2011.06.01 14:03:02.398,5.37498,5.37672,1.50,1.07
2011.06.01 14:03:02.741,5.37518,5.37676,1.50,1.07
2011.06.01 14:03:02.859,5.37507,5.37672,3.00,1.07
2011.06.01 14:03:03.519,5.37498,5.37663,3.00,1.54
2011.06.01 14:03:03.849,5.3749,5.37663,4.50,1.72
2011.06.01 14:03:04.692,5.37488,5.37658,1.50,1.18
2011.06.01 14:03:04.816,5.37488,5.37653,3.00,1.18
2011.06.01 14:03:06.011,5.37478,5.37643,3.00,1.59
2011.06.01 14:03:06.119,5.37472,5.37643,1.35,3.84
2011.06.01 14:03:06.341,5.37468,5.37643,3.00,1.64
2011.06.01 14:03:06.680,5.37487,5.37653,3.00,1.94
2011.06.01 14:03:06.789,5.37467,5.37653,3.60,4.01
2011.06.01 14:03:07.428,5.37487,5.37653,3.00,1.01
2011.06.01 14:03:07.544,5.37487,5.37657,2.63,1.10
2011.06.01 14:03:07.879,5.37477,5.37653,2.63,1.76
2011.06.01 14:03:08.101,5.37467,5.37653,3.23,1.76
2011.06.01 14:03:08.330,5.37463,5.37642,1.35,3.84
2011.06.01 14:03:09.378,5.37463,5.37634,1.35,1.04
2011.06.01 14:03:09.710,5.37448,5.37629,3.00,1.04
2011.06.01 14:03:09.820,5.37448,5.37602,2.25,1.63
2011.06.01 14:03:10.477,5.37397,5.37583,3.00,3.38
2011.06.01 14:03:11.028,5.37408,5.37583,3.00,1.20
2011.06.01 14:03:11.248,5.37418,5.37583,2.63,1.12
2011.06.01 14:03:11.690,5.37418,5.3757,2.25,1.38
2011.06.01 14:03:11.809,5.37385,5.37572,1.50,1.22
2011.06.01 14:03:12.029,5.37371,5.37552,1.50,1.05
2011.06.01 14:03:12.139,5.37347,5.37545,1.66,1.35
2011.06.01 14:03:12.250,5.37347,5.37533,1.66,3.15
2011.06.01 14:03:12.360,5.37342,5.37533,1.29,3.02
2011.06.01 14:03:12.468,5.37367,5.37531,2.25,1.39
2011.06.01 14:03:12.581,5.37367,5.3754,2.25,1.35
2011.06.01 14:03:13.203,5.37367,5.37547,3.00,1.01
2011.06.01 14:03:13.440,5.37358,5.37542,3.00,3.22
2011.06.01 14:03:13.990,5.37377,5.37563,2.25,3.22
2011.06.01 14:03:14.451,5.37377,5.37563,2.63,3.22
2011.06.01 14:03:14.681,5.37387,5.37563,1.50,2.47
2011.06.01 14:03:16.318,5.37408,5.37592,2.63,3.22
2011.06.01 14:03:17.199,5.37397,5.37562,2.25,1.72
2011.06.01 14:03:17.310,5.37388,5.37553,3.00,1.13
2011.06.01 14:03:17.800,5.37388,5.37553,3.00,1.13
2011.06.01 14:03:18.257,5.37388,5.37553,3.00,1.13
2011.06.01 14:03:18.369,5.37388,5.37552,3.00,1.13
2011.06.01 14:03:18.479,5.37398,5.37568,3.00,1.35
2011.06.01 14:03:18.588,5.37398,5.37572,3.00,1.35
2011.06.01 14:03:19.622,5.37407,5.37562,2.25,1.57
2011.06.01 14:03:19.742,5.37397,5.37562,2.25,1.57
2011.06.01 14:03:19.859,5.37397,5.37545,2.25,1.13
2011.06.01 14:03:19.970,5.37378,5.37545,3.00,1.13
2011.06.01 14:03:20.338,5.37378,5.37545,3.00,1.13
2011.06.01 14:03:20.557,5.37378,5.37552,3.00,1.50
2011.06.01 14:03:20.670,5.37378,5.37545,3.00,1.13
2011.06.01 14:03:21.045,5.37387,5.37545,2.25,1.13
2011.06.01 14:03:21.387,5.37387,5.37548,2.63,1.13
2011.06.01 14:03:21.721,5.37347,5.37495,3.00,1.13
2011.06.01 14:03:21.843,5.37347,5.37495,2.25,1.13
2011.06.01 14:03:21.963,5.37347,5.37495,2.25,1.35
2011.06.01 14:03:22.646,5.37387,5.37532,1.14,3.24
2011.06.01 14:03:22.869,5.3739,5.37596,1.35,1.35
2011.06.01 14:03:22.978,5.3739,5.37596,1.35,1.35
2011.06.01 14:03:23.637,5.3739,5.37602,1.35,1.57
2011.06.01 14:03:23.969,5.37373,5.37582,1.29,1.35
2011.06.01 14:03:24.079,5.37352,5.37572,1.50,1.57
2011.06.01 14:03:24.189,5.37378,5.37562,2.79,2.63
2011.06.01 14:03:24.518,5.37314,5.37533,4.29,1.59
2011.06.01 14:03:25.142,5.37289,5.37519,1.29,1.35
2011.06.01 14:03:25.243,5.37366,5.37503,1.35,2.25
2011.06.01 14:03:25.358,5.37366,5.37532,1.35,2.25
2011.06.01 14:03:25.578,5.37378,5.37572,2.79,2.25
2011.06.01 14:03:25.689,5.37388,5.37572,2.79,2.25
2011.06.01 14:03:25.798,5.37398,5.37582,2.79,3.38
2011.06.01 14:03:26.238,5.37387,5.37573,2.79,2.25
2011.06.01 14:03:26.570,5.37377,5.37557,2.25,1.13
2011.06.01 14:03:26.679,5.37377,5.37539,2.25,1.13
2011.06.01 14:03:26.789,5.37347,5.37533,2.79,3.00
2011.06.01 14:03:26.898,5.37347,5.37533,2.79,3.00
2011.06.01 14:03:27.120,5.37338,5.37512,2.79,1.13
2011.06.01 14:03:27.228,5.37337,5.37512,3.75,1.13
2011.06.01 14:03:27.337,5.37327,5.37512,2.79,1.13
2011.06.01 14:03:28.043,5.37327,5.37512,2.79,1.13
2011.06.01 14:03:28.159,5.37327,5.37512,2.79,1.13
2011.06.01 14:03:28.601,5.37357,5.37543,2.63,3.00
2011.06.01 14:03:28.721,5.37368,5.37551,2.25,1.13
2011.06.01 14:03:29.057,5.37368,5.37545,2.25,1.13
2011.06.01 14:03:29.279,5.37357,5.37543,2.25,3.00
2011.06.01 14:03:29.500,5.37357,5.37543,3.16,3.00
2011.06.01 14:03:29.609,5.37357,5.37543,3.16,3.00
2011.06.01 14:03:31.246,5.37368,5.37573,1.29,1.57
2011.06.01 14:03:31.363,5.3737,5.37571,1.29,1.13
2011.06.01 14:03:31.591,5.37387,5.37571,2.79,1.13
2011.06.01 14:03:31.710,5.37398,5.37573,2.25,1.35
2011.06.01 14:03:32.038,5.37408,5.37573,2.79,1.35
2011.06.01 14:03:33.041,5.37398,5.37573,2.79,1.35
2011.06.01 14:03:33.160,5.37388,5.37572,2.79,3.00
2011.06.01 14:03:33.487,5.37388,5.37572,2.79,3.00
2011.06.01 14:03:34.333,5.37397,5.37573,2.25,1.35
2011.06.01 14:03:34.548,5.37397,5.37573,2.25,1.35
2011.06.01 14:03:35.868,5.37387,5.37573,2.79,3.60
2011.06.01 14:03:36.199,5.37377,5.37561,2.79,1.13
2011.06.01 14:03:36.531,5.37368,5.37552,2.79,2.63
2011.06.01 14:03:36.652,5.37368,5.37552,2.79,2.25
2011.06.01 14:03:36.772,5.37387,5.37572,2.79,1.50
2011.06.01 14:03:37.345,5.37387,5.37573,2.79,3.60
2011.06.01 14:03:37.465,5.37417,5.37597,2.79,1.13
2011.06.01 14:03:38.520,5.37407,5.37593,2.25,3.97
2011.06.01 14:03:38.740,5.37387,5.37573,2.79,2.63
2011.06.01 14:03:38.962,5.37378,5.37563,1.14,2.25
2011.06.01 14:03:39.299,5.37397,5.37583,2.79,3.38
2011.06.01 14:03:39.850,5.37388,5.37572,2.79,3.75
2011.06.01 14:03:40.440,5.37388,5.37567,2.79,1.13
2011.06.01 14:03:40.769,5.37378,5.37562,3.39,3.00
2011.06.01 14:03:41.101,5.37368,5.37552,3.16,3.00
2011.06.01 14:03:41.548,5.37368,5.37552,3.16,3.00
2011.06.01 14:03:41.882,5.37368,5.37544,2.79,1.13
2011.06.01 14:03:42.221,5.37367,5.37553,2.79,3.00
2011.06.01 14:03:42.451,5.37378,5.37558,2.25,1.13
2011.06.01 14:03:42.571,5.37378,5.37558,2.25,1.13
2011.06.01 14:03:43.880,5.37397,5.37543,2.25,2.25
2011.06.01 14:03:44.208,5.37377,5.37513,2.25,2.25
2011.06.01 14:03:44.539,5.37388,5.37532,2.25,3.00
2011.06.01 14:03:44.980,5.37397,5.37533,2.25,2.25
2011.06.01 14:03:45.089,5.37398,5.37542,2.25,3.00
2011.06.01 14:03:46.441,5.37387,5.37533,2.25,3.00
2011.06.01 14:03:47.182,5.37387,5.37533,2.25,3.00
2011.06.01 14:03:47.970,5.37367,5.37503,2.79,3.00
2011.06.01 14:03:48.080,5.37347,5.37493,2.25,3.00
2011.06.01 14:03:48.195,5.37347,5.37493,2.25,3.00
2011.06.01 14:03:48.311,5.37347,5.37493,2.25,3.00
2011.06.01 14:03:48.651,5.37337,5.37473,2.25,2.25
2011.06.01 14:03:49.100,5.37338,5.37482,2.25,2.25
2011.06.01 14:03:49.210,5.37347,5.37493,2.25,3.00
2011.06.01 14:03:49.319,5.37337,5.37483,2.25,3.00
2011.06.01 14:03:49.900,5.37347,5.37493,2.25,3.00
2011.06.01 14:03:50.013,5.37338,5.37482,2.25,3.00
2011.06.01 14:03:50.768,5.37347,5.37493,2.25,3.00
2011.06.01 14:03:51.548,5.37347,5.37493,2.25,3.00
2011.06.01 14:03:51.768,5.37358,5.37502,2.25,3.00
2011.06.01 14:03:51.994,5.37337,5.37483,3.00,2.25
2011.06.01 14:03:52.111,5.37377,5.37513,2.25,2.25
2011.06.01 14:03:52.449,5.37378,5.37522,2.25,2.25
2011.06.01 14:03:53.398,5.37368,5.37512,2.25,2.25
2011.06.01 14:03:53.609,5.37378,5.37512,2.25,2.25
2011.06.01 14:03:54.149,5.37377,5.37523,2.25,2.25
2011.06.01 14:03:54.367,5.37388,5.37532,2.25,3.00
2011.06.01 14:03:55.250,5.37377,5.37523,2.25,3.00
2011.06.01 14:03:56.278,5.37387,5.37533,2.25,3.00
2011.06.01 14:03:56.962,5.37378,5.37522,2.25,3.00
2011.06.01 14:03:57.081,5.37367,5.37513,2.25,3.00
2011.06.01 14:03:57.200,5.37368,5.37502,2.25,2.25
2011.06.01 14:03:57.979,5.37368,5.37512,2.25,2.25
2011.06.01 14:03:58.654,5.37328,5.37472,2.25,3.00
2011.06.01 14:03:58.879,5.37317,5.37463,2.25,3.00
2011.06.01 14:03:58.994,5.37308,5.37452,2.25,3.00
2011.06.01 14:03:59.938,5.37308,5.37452,3.16,2.25
2011.06.01 14:04:00.051,5.37324,5.37508,1.29,1.35
2011.06.01 14:04:01.180,5.37337,5.37544,1.35,1.35
2011.06.01 14:04:01.288,5.37377,5.37533,2.25,3.00
2011.06.01 14:04:03.322,5.37377,5.37533,2.25,3.75
2011.06.01 14:04:03.659,5.37338,5.37482,2.79,2.25
2011.06.01 14:04:03.990,5.37327,5.37473,2.79,3.00
2011.06.01 14:04:04.101,5.37318,5.37472,2.25,2.25
2011.06.01 14:04:04.440,5.37318,5.37472,2.25,3.00
2011.06.01 14:04:04.551,5.37318,5.37462,2.25,2.25
2011.06.01 14:04:04.668,5.37318,5.37462,2.25,3.00
2011.06.01 14:04:04.779,5.37307,5.37463,2.79,3.00
2011.06.01 14:04:04.888,5.37307,5.37463,2.79,3.00
2011.06.01 14:04:05.378,5.37317,5.37463,2.25,2.25
2011.06.01 14:04:05.488,5.37317,5.37473,2.25,3.00
2011.06.01 14:04:05.599,5.37317,5.37473,2.25,3.00
2011.06.01 14:04:06.642,5.37317,5.37492,2.79,1.35
2011.06.01 14:04:06.978,5.37318,5.37493,1.29,2.25
2011.06.01 14:04:07.091,5.37357,5.37513,2.79,2.25
2011.06.01 14:04:07.212,5.37348,5.37502,3.00,2.25
2011.06.01 14:04:07.439,5.37377,5.37512,3.00,1.13
2011.06.01 14:04:07.884,5.37377,5.37533,3.00,3.00
2011.06.01 14:04:08.112,5.37413,5.37563,1.50,3.00
2011.06.01 14:04:08.562,5.37438,5.37563,1.29,2.25
2011.06.01 14:04:08.787,5.37438,5.37582,3.54,2.25
2011.06.01 14:04:08.899,5.37438,5.37582,3.54,2.25
2011.06.01 14:04:09.626,5.37438,5.37582,3.54,2.25
2011.06.01 14:04:09.744,5.37458,5.37612,3.00,3.00
2011.06.01 14:04:10.421,5.37458,5.37612,3.00,3.75
2011.06.01 14:04:11.173,5.37458,5.37593,2.25,1.50
2011.06.01 14:04:11.293,5.37437,5.37593,3.00,2.63
2011.06.01 14:04:11.740,5.37447,5.37592,2.25,1.50
2011.06.01 14:04:11.849,5.37438,5.37592,2.25,3.75
2011.06.01 14:04:12.614,5.37418,5.37563,3.00,1.13
2011.06.01 14:04:12.963,5.37417,5.37563,3.00,3.38
2011.06.01 14:04:13.398,5.37417,5.37563,3.00,3.38
2011.06.01 14:04:13.511,5.37417,5.37543,2.25,1.50
2011.06.01 14:04:13.738,5.37398,5.37543,3.00,1.50
2011.06.01 14:04:14.729,5.37407,5.37553,3.00,3.00
2011.06.01 14:04:15.168,5.37407,5.37552,2.25,1.50
2011.06.01 14:04:15.278,5.37407,5.37562,3.00,1.50
2011.06.01 14:04:15.387,5.37398,5.37542,3.00,2.25
2011.06.01 14:04:16.132,5.37408,5.37553,3.00,1.50
2011.06.01 14:04:17.039,5.37408,5.37562,3.00,3.00
2011.06.01 14:04:17.257,5.37418,5.3755,3.00,1.13
2011.06.01 14:04:17.478,5.37418,5.37553,3.00,1.13
2011.06.01 14:04:17.699,5.37418,5.3755,3.00,1.13
2011.06.01 14:04:17.808,5.37418,5.37553,3.00,1.13
2011.06.01 14:04:19.206,5.37428,5.37552,2.25,1.13
2011.06.01 14:04:20.069,5.37428,5.37555,2.63,1.13
2011.06.01 14:04:21.779,5.37418,5.37552,3.00,1.13
2011.06.01 14:04:22.280,5.37418,5.37552,3.00,1.13
2011.06.01 14:04:22.609,5.37427,5.37552,2.25,1.13
2011.06.01 14:04:22.838,5.37417,5.37552,3.00,1.13
2011.06.01 14:04:24.159,5.37419,5.37593,1.50,1.13
2011.06.01 14:04:24.271,5.37419,5.37602,1.50,1.13
2011.06.01 14:04:24.610,5.37425,5.37621,1.50,1.13
2011.06.01 14:04:25.489,5.37487,5.37595,2.25,1.13
2011.06.01 14:04:25.708,5.37457,5.37595,3.00,1.13
2011.06.01 14:04:27.069,5.37468,5.37597,3.00,1.13
2011.06.01 14:04:27.398,5.37458,5.37597,3.00,1.13
2011.06.01 14:04:27.511,5.37468,5.37602,3.00,1.50
2011.06.01 14:04:27.851,5.37468,5.37622,3.00,2.25
2011.06.01 14:04:28.190,5.37493,5.37683,1.50,1.50
2011.06.01 14:04:30.093,5.37537,5.37683,3.00,1.50
2011.06.01 14:04:30.206,5.37548,5.37692,3.00,3.00
2011.06.01 14:04:30.539,5.37538,5.37673,3.00,1.13
2011.06.01 14:04:31.197,5.37527,5.37672,3.00,1.13
2011.06.01 14:04:31.847,5.37527,5.37673,3.00,3.75
2011.06.01 14:04:32.287,5.37528,5.37682,3.00,3.00
2011.06.01 14:04:32.619,5.37557,5.37696,3.00,1.13
2011.06.01 14:04:32.951,5.37568,5.37708,3.00,1.13
2011.06.01 14:04:33.623,5.37588,5.37708,2.25,1.13
2011.06.01 14:04:33.745,5.37598,5.37752,3.00,3.00
2011.06.01 14:04:33.970,5.37607,5.37753,3.00,2.25
2011.06.01 14:04:34.080,5.37608,5.37762,3.00,2.63
2011.06.01 14:04:34.300,5.37608,5.37762,3.00,2.25
2011.06.01 14:04:34.849,5.37627,5.37783,3.00,3.00
2011.06.01 14:04:35.291,5.37647,5.37793,2.63,3.22
2011.06.01 14:04:36.472,5.37608,5.37762,3.00,3.75
2011.06.01 14:04:37.140,5.37617,5.37752,2.25,1.50
2011.06.01 14:04:37.260,5.37597,5.37752,3.00,1.50
2011.06.01 14:04:38.278,5.37598,5.37752,2.63,3.75
2011.06.01 14:04:39.880,5.37578,5.37732,3.00,3.97
2011.06.01 14:04:40.241,5.37567,5.37645,2.25,1.13
2011.06.01 14:04:40.581,5.37538,5.37686,3.00,1.35
2011.06.01 14:04:40.699,5.37537,5.37672,1.35,2.25
2011.06.01 14:04:40.812,5.37556,5.37652,1.13,2.25
2011.06.01 14:04:41.153,5.37574,5.37672,1.50,2.25
2011.06.01 14:04:41.272,5.37587,5.37789,1.29,4.50
2011.06.01 14:04:41.389,5.37597,5.37793,1.50,1.72
2011.06.01 14:04:42.228,5.37597,5.37793,1.50,1.72
2011.06.01 14:04:42.570,5.37547,5.37722,1.29,1.13
2011.06.01 14:04:43.010,5.37568,5.37722,3.00,3.00
2011.06.01 14:04:43.341,5.37608,5.37732,2.25,1.50
2011.06.01 14:04:43.460,5.37617,5.37743,2.63,1.13
2011.06.01 14:04:43.788,5.37617,5.37763,3.00,3.22
2011.06.01 14:04:44.119,5.37648,5.37782,2.63,4.13
2011.06.01 14:04:45.517,5.37657,5.37793,2.25,3.00
2011.06.01 14:04:45.748,5.37657,5.37793,2.63,3.00
2011.06.01 14:04:46.081,5.37628,5.37762,2.63,3.00
2011.06.01 14:04:46.419,5.37648,5.37782,2.63,3.00
2011.06.01 14:04:48.289,5.37627,5.37773,3.00,1.50
2011.06.01 14:04:48.621,5.37618,5.37762,3.00,1.50
2011.06.01 14:04:49.619,5.37618,5.37762,3.00,1.50
2011.06.01 14:04:49.952,5.37588,5.37732,1.29,3.75
2011.06.01 14:04:50.294,5.37568,5.37712,3.00,3.75
2011.06.01 14:04:50.628,5.37567,5.37703,2.63,3.00
2011.06.01 14:04:50.851,5.37597,5.37743,3.00,2.63
2011.06.01 14:04:51.434,5.37617,5.37753,3.00,2.85
2011.06.01 14:04:51.768,5.37617,5.37753,3.00,2.25
2011.06.01 14:04:51.879,5.37627,5.37773,3.00,2.63
2011.06.01 14:04:51.989,5.37648,5.37782,2.25,3.00
2011.06.01 14:04:52.537,5.37647,5.37792,2.25,1.50
2011.06.01 14:04:52.869,5.37627,5.37768,3.00,1.13
2011.06.01 14:04:53.199,5.37627,5.37733,2.25,1.50
2011.06.01 14:04:53.530,5.37618,5.37687,2.25,1.13
2011.06.01 14:04:54.075,5.37618,5.37683,2.25,1.50
2011.06.01 14:04:54.313,5.37508,5.37652,3.00,3.00
2011.06.01 14:04:54.434,5.37508,5.37652,3.00,3.00
2011.06.01 14:04:54.659,5.37517,5.37653,2.25,1.13
2011.06.01 14:04:54.769,5.37508,5.37652,3.00,3.00
2011.06.01 14:04:54.990,5.37508,5.37652,3.00,3.00
2011.06.01 14:04:55.319,5.37518,5.37642,2.63,1.13
2011.06.01 14:04:55.648,5.37518,5.37642,2.63,1.13
2011.06.01 14:04:56.090,5.37518,5.37658,3.00,1.13
2011.06.01 14:04:56.311,5.37537,5.37681,3.00,1.13
2011.06.01 14:04:56.901,5.37537,5.37682,3.00,1.13
2011.06.01 14:04:57.001,5.37567,5.37713,3.00,3.00
2011.06.01 14:04:57.598,5.37567,5.37703,3.00,1.13
2011.06.01 14:04:57.712,5.37547,5.37693,2.63,3.75
2011.06.01 14:04:58.630,5.37547,5.37693,2.25,3.75
2011.06.01 14:05:00.313,5.37547,5.37672,2.25,1.50
2011.06.01 14:05:00.426,5.37508,5.37642,2.25,1.50
2011.06.01 14:05:00.537,5.37508,5.37633,2.25,1.13
2011.06.01 14:05:01.119,5.37487,5.37633,3.00,3.38
2011.06.01 14:05:01.230,5.37487,5.37623,2.25,1.13
2011.06.01 14:05:01.448,5.37478,5.37622,3.00,2.25
2011.06.01 14:05:01.782,5.37507,5.37643,3.00,2.25
2011.06.01 14:05:01.899,5.37538,5.37662,2.25,1.13
2011.06.01 14:05:02.338,5.37537,5.37683,3.00,3.00
2011.06.01 14:05:03.275,5.37588,5.37732,2.25,3.00
2011.06.01 14:05:03.392,5.37598,5.37732,2.25,3.00
2011.06.01 14:05:03.624,5.37597,5.37743,2.63,3.97
2011.06.01 14:05:04.181,5.37607,5.37753,2.25,3.97
2011.06.01 14:05:04.518,5.37597,5.37743,3.00,3.00
2011.06.01 14:05:05.111,5.37597,5.37743,2.25,2.25
2011.06.01 14:05:05.341,5.37617,5.37753,2.25,3.00
2011.06.01 14:05:05.901,5.37598,5.37732,3.00,2.25
2011.06.01 14:05:06.597,5.37587,5.37722,2.25,1.50
2011.06.01 14:05:06.820,5.37547,5.37672,2.63,1.13
2011.06.01 14:05:07.608,5.37547,5.3769,3.00,1.13
2011.06.01 14:05:07.942,5.37568,5.37712,3.00,3.00
2011.06.01 14:05:08.060,5.37577,5.37713,2.25,1.50
2011.06.01 14:05:08.281,5.37587,5.37733,3.00,3.00
2011.06.01 14:05:08.401,5.37598,5.37742,2.63,3.08
2011.06.01 14:05:08.518,5.37607,5.37743,2.25,1.13
2011.06.01 14:05:09.373,5.37618,5.37744,2.63,1.13
2011.06.01 14:05:10.200,5.37607,5.37738,3.00,1.13
2011.06.01 14:05:10.531,5.37597,5.37743,3.00,3.75
2011.06.01 14:05:10.869,5.37617,5.37743,2.25,1.50
2011.06.01 14:05:11.418,5.37617,5.37752,3.00,1.13
2011.06.01 14:05:11.528,5.37617,5.37753,3.00,2.85
2011.06.01 14:05:12.701,5.37618,5.37762,2.25,3.97
2011.06.01 14:05:13.369,5.37618,5.37762,3.00,2.85
2011.06.01 14:05:13.590,5.37637,5.37783,3.00,3.00
2011.06.01 14:05:14.029,5.37658,5.37802,2.25,3.00
2011.06.01 14:05:14.250,5.37687,5.37823,2.63,3.24
2011.06.01 14:05:15.461,5.37678,5.37803,2.25,1.50
2011.06.01 14:05:16.094,5.37648,5.37792,3.00,2.63
2011.06.01 14:05:16.429,5.37638,5.37773,2.25,1.13
2011.06.01 14:05:16.650,5.37627,5.37773,3.00,3.38
2011.06.01 14:05:16.761,5.37638,5.37763,2.25,1.50
2011.06.01 14:05:16.880,5.37618,5.37752,2.25,1.50
2011.06.01 14:05:16.989,5.37608,5.37752,2.63,3.75
2011.06.01 14:05:17.610,5.37608,5.37733,2.25,1.50
2011.06.01 14:05:17.719,5.37587,5.37723,3.00,2.63
2011.06.01 14:05:17.832,5.37587,5.37723,2.25,3.00
2011.06.01 14:05:17.953,5.37578,5.37722,3.00,3.00
2011.06.01 14:05:18.398,5.37588,5.37722,2.25,3.00
2011.06.01 14:05:19.414,5.37577,5.37723,3.00,3.75
2011.06.01 14:05:19.530,5.37577,5.37692,2.25,1.50
2011.06.01 14:05:19.753,5.37494,5.37683,1.50,1.50
2011.06.01 14:05:20.202,5.37467,5.37663,1.50,1.72
2011.06.01 14:05:20.322,5.37481,5.37673,1.50,1.72
2011.06.01 14:05:20.439,5.37488,5.37682,1.50,1.50
2011.06.01 14:05:20.549,5.37507,5.37703,1.50,1.35
2011.06.01 14:05:20.879,5.37517,5.37663,4.50,2.25
2011.06.01 14:05:20.989,5.37567,5.37703,2.25,2.63
2011.06.01 14:05:22.164,5.37557,5.37703,3.00,2.63
2011.06.01 14:05:22.283,5.37567,5.37713,3.00,3.00
2011.06.01 14:05:23.062,5.37577,5.37723,3.00,2.47
2011.06.01 14:05:23.400,5.37627,5.37763,2.63,3.00
2011.06.01 14:05:23.618,5.37627,5.37763,3.00,2.25
2011.06.01 14:05:23.729,5.37647,5.37783,2.63,3.00
2011.06.01 14:05:23.839,5.37627,5.37763,3.00,3.00
2011.06.01 14:05:25.222,5.37618,5.37762,3.00,3.75
2011.06.01 14:05:25.438,5.37608,5.37743,3.00,1.50
2011.06.01 14:05:25.878,5.37598,5.37732,3.00,2.25
2011.06.01 14:05:25.988,5.37598,5.37732,2.63,3.75
2011.06.01 14:05:26.320,5.37607,5.37743,2.25,1.50
2011.06.01 14:05:26.539,5.37598,5.37732,2.63,3.00
2011.06.01 14:05:26.649,5.37617,5.37753,2.25,3.22
2011.06.01 14:05:26.757,5.37617,5.37753,2.63,3.22
2011.06.01 14:05:27.089,5.37618,5.37762,3.00,3.22
2011.06.01 14:05:27.307,5.37607,5.37792,1.29,1.50
2011.06.01 14:05:29.040,5.37607,5.37792,1.29,1.50
2011.06.01 14:05:29.478,5.37608,5.37758,3.00,1.13
2011.06.01 14:05:29.590,5.37608,5.37742,2.25,1.50
2011.06.01 14:05:29.699,5.37608,5.37749,3.00,1.13
2011.06.01 14:05:30.029,5.37607,5.37752,3.00,1.13
2011.06.01 14:05:30.250,5.37607,5.37752,2.25,1.50
2011.06.01 14:05:30.591,5.37509,5.37693,4.50,1.50
2011.06.01 14:05:31.785,5.37508,5.37702,1.50,1.50
2011.06.01 14:05:32.119,5.37567,5.37713,3.00,2.85
2011.06.01 14:05:32.229,5.37567,5.37713,3.00,2.63
2011.06.01 14:05:33.549,5.37568,5.37722,3.00,3.24
2011.06.01 14:05:35.203,5.37567,5.37722,2.25,1.74
2011.06.01 14:05:35.325,5.37537,5.37693,3.00,3.24
2011.06.01 14:05:37.337,5.37538,5.37682,3.00,3.24
2011.06.01 14:05:39.387,5.37497,5.37643,3.00,3.00
2011.06.01 14:05:40.157,5.37497,5.37643,3.00,3.24
2011.06.01 14:05:40.268,5.37497,5.37643,2.63,3.24
2011.06.01 14:05:40.598,5.37507,5.37658,3.00,1.36
2011.06.01 14:05:40.819,5.37507,5.37663,3.75,2.49
2011.06.01 14:05:41.040,5.37527,5.37682,3.00,1.20
2011.06.01 14:05:41.260,5.37538,5.37682,3.00,2.70
2011.06.01 14:05:41.372,5.37538,5.37682,3.00,2.25
2011.06.01 14:05:41.599,5.37548,5.37682,1.50,2.25
2011.06.01 14:05:42.382,5.37577,5.37692,1.50,2.25
2011.06.01 14:05:42.503,5.37578,5.37732,3.75,2.25
2011.06.01 14:05:42.620,5.37598,5.37752,3.00,3.45
2011.06.01 14:05:42.730,5.37588,5.37732,2.63,3.24
2011.06.01 14:05:42.839,5.37588,5.37732,2.25,3.24
2011.06.01 14:05:42.951,5.37577,5.37713,2.25,1.74
2011.06.01 14:05:43.059,5.37567,5.37711,2.25,1.74
2011.06.01 14:05:43.170,5.37512,5.37695,4.50,1.74
2011.06.01 14:05:43.391,5.37528,5.37701,1.50,1.13
2011.06.01 14:05:43.608,5.37557,5.37713,3.00,3.24
2011.06.01 14:05:44.050,5.37568,5.37722,3.00,3.45
2011.06.01 14:05:44.159,5.37568,5.37722,3.00,3.45
2011.06.01 14:05:44.599,5.37558,5.37712,3.00,3.00
2011.06.01 14:05:46.115,5.37568,5.37722,3.00,2.86
2011.06.01 14:05:46.450,5.37577,5.37733,3.75,3.24
2011.06.01 14:05:46.561,5.37587,5.37733,3.00,2.49
2011.06.01 14:05:46.792,5.37597,5.37752,3.00,1.50
2011.06.01 14:05:46.910,5.37598,5.37742,2.25,2.25
2011.06.01 14:05:47.021,5.37598,5.37742,3.00,2.25
2011.06.01 14:05:47.141,5.37607,5.37753,3.00,2.63
2011.06.01 14:05:47.587,5.37617,5.37763,3.00,2.49
2011.06.01 14:05:47.808,5.37621,5.37792,1.50,1.72
2011.06.01 14:05:47.919,5.37657,5.37808,1.50,4.50
2011.06.01 14:05:48.651,5.37643,5.37822,1.50,3.24
2011.06.01 14:05:49.629,5.37628,5.37812,3.00,3.24
2011.06.01 14:05:49.958,5.37628,5.37812,3.00,3.24
2011.06.01 14:05:50.067,5.37628,5.37812,3.00,3.24
2011.06.01 14:05:50.509,5.37628,5.37812,3.00,3.24
2011.06.01 14:05:50.840,5.37628,5.37812,3.00,3.24
2011.06.01 14:05:51.769,5.37638,5.37822,3.00,3.24
2011.06.01 14:05:53.151,5.37637,5.37813,1.50,3.24
2011.06.01 14:05:53.600,5.37676,5.37802,1.13,2.63
2011.06.01 14:05:53.932,5.37717,5.37833,1.13,2.25
2011.06.01 14:05:54.048,5.37717,5.37842,1.13,2.25
2011.06.01 14:05:54.619,5.37708,5.37842,1.50,2.25
2011.06.01 14:05:55.348,5.37708,5.37842,1.13,3.00
2011.06.01 14:05:55.571,5.37698,5.37842,2.25,2.86
2011.06.01 14:05:56.190,5.37677,5.37823,3.00,2.25
2011.06.01 14:05:56.316,5.37645,5.37762,1.13,2.25
2011.06.01 14:05:56.431,5.37658,5.37783,1.50,2.25
2011.06.01 14:05:56.551,5.37654,5.37783,1.13,2.63
2011.06.01 14:05:56.659,5.37654,5.37783,1.13,2.63
2011.06.01 14:05:56.989,5.37654,5.37783,1.13,2.63
2011.06.01 14:05:57.267,5.37654,5.37783,1.13,2.63
2011.06.01 14:05:57.487,5.37654,5.37783,1.13,2.63
2011.06.01 14:05:57.928,5.37654,5.37792,1.13,3.22
2011.06.01 14:05:58.370,5.3766,5.37772,1.13,2.25
2011.06.01 14:05:58.479,5.37638,5.37772,3.00,3.00
2011.06.01 14:05:58.809,5.37665,5.37743,1.13,2.47
2011.06.01 14:05:59.453,5.37633,5.37762,1.13,3.00
2011.06.01 14:05:59.574,5.37655,5.37792,1.13,3.00
2011.06.01 14:05:59.912,5.37648,5.37733,3.00,1.35
2011.06.01 14:06:00.141,5.37549,5.37719,1.50,1.72
2011.06.01 14:06:00.261,5.37532,5.37699,1.13,1.20
2011.06.01 14:06:00.920,5.3754,5.37694,1.13,1.20
2011.06.01 14:06:01.250,5.37592,5.37739,1.13,4.35
2011.06.01 14:06:01.360,5.37632,5.37753,1.13,2.47
2011.06.01 14:06:01.951,5.37632,5.37753,1.13,2.25
2011.06.01 14:06:02.064,5.37632,5.37782,1.13,3.24
2011.06.01 14:06:02.729,5.37613,5.37772,1.13,3.24
2011.06.01 14:06:02.949,5.37613,5.37763,1.13,3.00
2011.06.01 14:06:03.061,5.376,5.37763,1.13,3.00
2011.06.01 14:06:03.289,5.376,5.37752,1.13,3.00
2011.06.01 14:06:05.314,5.37599,5.37766,1.13,1.59
2011.06.01 14:06:05.434,5.37611,5.37766,1.13,1.59
2011.06.01 14:06:05.989,5.37611,5.37766,1.13,1.59
2011.06.01 14:06:06.605,5.37598,5.37766,1.13,1.59
2011.06.01 14:06:06.718,5.37598,5.37766,1.13,1.59
2011.06.01 14:06:06.828,5.37598,5.37762,1.13,3.24
2011.06.01 14:06:06.939,5.37598,5.37752,1.13,3.00
2011.06.01 14:06:07.251,5.37598,5.37752,1.13,3.00
2011.06.01 14:06:07.469,5.37598,5.37752,1.13,3.24
2011.06.01 14:06:08.020,5.37595,5.37722,1.13,2.63
2011.06.01 14:06:08.241,5.37578,5.37732,3.00,3.24
2011.06.01 14:06:09.089,5.37547,5.37693,3.00,3.00
2011.06.01 14:06:09.422,5.37487,5.37618,1.29,1.35
2011.06.01 14:06:09.541,5.37459,5.37618,1.50,1.35
2011.06.01 14:06:09.759,5.3745,5.37618,1.13,1.59
2011.06.01 14:06:09.978,5.3745,5.37618,1.13,1.59
2011.06.01 14:06:10.197,5.37436,5.37618,1.13,1.59
2011.06.01 14:06:10.310,5.37436,5.37603,1.13,3.00
2011.06.01 14:06:10.639,5.37417,5.37583,1.66,1.35
2011.06.01 14:06:10.748,5.37417,5.37583,1.13,1.57
2011.06.01 14:06:10.860,5.37404,5.37573,1.13,3.24
2011.06.01 14:06:11.893,5.37422,5.37562,1.13,3.00
2011.06.01 14:06:12.230,5.37446,5.37583,1.13,1.80
2011.06.01 14:06:12.340,5.37446,5.37583,1.13,1.35
2011.06.01 14:06:12.668,5.37518,5.37664,3.00,1.36
2011.06.01 14:06:12.778,5.37518,5.37683,3.00,1.95
2011.06.01 14:06:13.108,5.37508,5.37683,1.35,4.20
2011.06.01 14:06:13.219,5.37508,5.37657,1.35,1.74
2011.06.01 14:06:13.441,5.37487,5.37657,3.00,1.74
2011.06.01 14:06:14.857,5.37478,5.37633,1.50,1.74
2011.06.01 14:06:15.187,5.37478,5.37633,1.50,1.74
2011.06.01 14:06:15.409,5.37478,5.37622,1.50,1.74
2011.06.01 14:06:16.728,5.37498,5.37622,1.50,1.74
2011.06.01 14:06:18.989,5.37488,5.37623,2.25,1.95
2011.06.01 14:06:19.101,5.37467,5.37603,2.63,1.74
2011.06.01 14:06:19.214,5.37457,5.37591,2.25,1.35
2011.06.01 14:06:19.551,5.37457,5.37544,2.25,1.74
2011.06.01 14:06:19.890,5.37448,5.37503,2.25,1.50
2011.06.01 14:06:20.219,5.37323,5.37485,4.50,1.59
2011.06.01 14:06:20.330,5.37323,5.37471,3.75,1.74
2011.06.01 14:06:20.440,5.37277,5.37442,1.35,1.20
2011.06.01 14:06:20.551,5.37318,5.37438,2.25,1.57
2011.06.01 14:06:20.781,5.37287,5.37422,2.25,1.20
2011.06.01 14:06:21.311,5.37297,5.37422,2.25,1.20
2011.06.01 14:06:21.415,5.37228,5.37403,1.35,1.72
2011.06.01 14:06:22.410,5.37228,5.37404,1.35,1.20
2011.06.01 14:06:22.520,5.37228,5.37402,1.35,3.97
2011.06.01 14:06:23.469,5.3722,5.37402,1.50,1.20
2011.06.01 14:06:24.419,5.37237,5.37393,1.50,1.20
2011.06.01 14:06:24.640,5.37257,5.37406,1.50,1.20
2011.06.01 14:06:24.970,5.37287,5.37453,3.60,1.72
2011.06.01 14:06:25.629,5.37299,5.37483,1.50,3.45
2011.06.01 14:06:25.739,5.37299,5.37483,1.50,4.95
2011.06.01 14:06:26.399,5.37298,5.37473,1.50,1.20
2011.06.01 14:06:27.944,5.37292,5.37473,1.50,3.45
2011.06.01 14:06:28.731,5.37292,5.37473,1.50,3.45
2011.06.01 14:06:30.058,5.37275,5.37452,1.13,3.45
2011.06.01 14:06:30.171,5.37275,5.37442,1.50,1.72
2011.06.01 14:06:31.755,5.3726,5.37436,1.50,1.20
2011.06.01 14:06:31.876,5.37257,5.37407,3.00,1.20
2011.06.01 14:06:31.992,5.37237,5.37407,1.50,1.20
2011.06.01 14:06:32.221,5.3723,5.37407,1.50,1.20
2011.06.01 14:06:32.561,5.37242,5.37419,1.50,1.20
2011.06.01 14:06:32.679,5.37242,5.37412,1.13,1.50
2011.06.01 14:06:32.789,5.37228,5.37412,1.50,3.24
2011.06.01 14:06:33.230,5.37218,5.37389,1.50,1.57
2011.06.01 14:06:33.559,5.37198,5.37372,1.50,3.45
2011.06.01 14:06:34.001,5.3718,5.37362,1.50,3.24
2011.06.01 14:06:35.350,5.37158,5.37323,1.13,1.20
2011.06.01 14:06:36.508,5.37125,5.37302,1.50,3.45
2011.06.01 14:06:37.279,5.37118,5.37302,1.50,1.20
2011.06.01 14:06:37.499,5.37117,5.37285,1.50,1.20
2011.06.01 14:06:37.612,5.37137,5.37293,1.50,3.08
2011.06.01 14:06:37.731,5.37137,5.37302,1.50,3.00
2011.06.01 14:06:38.454,5.37126,5.37303,1.50,1.20
2011.06.01 14:06:38.987,5.37128,5.37302,1.50,3.00
2011.06.01 14:06:39.576,5.37148,5.37303,1.50,2.85
2011.06.01 14:06:39.697,5.37117,5.37271,1.50,1.57
2011.06.01 14:06:39.812,5.37108,5.37271,2.63,1.80
2011.06.01 14:06:40.480,5.37107,5.37271,1.50,1.57
2011.06.01 14:06:40.807,5.37108,5.37276,3.00,1.35
2011.06.01 14:06:42.076,5.37118,5.37283,1.50,3.22
2011.06.01 14:06:43.291,5.37097,5.37275,1.35,1.20
2011.06.01 14:06:43.840,5.37088,5.37262,1.50,3.00
2011.06.01 14:06:44.999,5.37068,5.37253,3.00,1.95
2011.06.01 14:06:45.701,5.37076,5.37251,1.50,1.74
2011.06.01 14:06:45.823,5.37067,5.37232,1.50,1.72
2011.06.01 14:06:46.488,5.37067,5.37239,1.50,1.20
2011.06.01 14:06:46.820,5.3705,5.37222,1.50,3.00
2011.06.01 14:06:47.038,5.37037,5.37213,1.50,2.25
2011.06.01 14:06:47.152,5.37017,5.37191,3.00,1.50
2011.06.01 14:06:47.823,5.36941,5.37112,1.13,1.72
2011.06.01 14:06:48.425,5.36941,5.37111,1.13,1.20
2011.06.01 14:06:48.658,5.36918,5.37103,3.00,1.72
2011.06.01 14:06:48.773,5.36938,5.37093,2.25,1.50
2011.06.01 14:06:49.000,5.36912,5.37092,2.10,3.00
2011.06.01 14:06:49.439,5.36927,5.37093,1.50,3.00
2011.06.01 14:06:49.770,5.36927,5.37102,1.50,3.45
2011.06.01 14:06:50.101,5.36897,5.37082,1.50,1.59
2011.06.01 14:06:50.439,5.3689,5.37063,1.50,1.72
2011.06.01 14:06:50.993,5.3689,5.37045,1.50,1.35
2011.06.01 14:06:51.104,5.36873,5.37032,1.50,1.72
2011.06.01 14:06:51.879,5.36877,5.37032,1.13,1.72
2011.06.01 14:06:52.759,5.36877,5.37022,1.13,1.50
2011.06.01 14:06:53.310,5.36878,5.37034,1.13,1.20
2011.06.01 14:06:54.036,5.36883,5.37043,1.50,1.50
2011.06.01 14:06:54.258,5.36887,5.37068,1.50,1.20
2011.06.01 14:06:54.370,5.36891,5.37072,1.50,3.00
2011.06.01 14:06:54.590,5.36891,5.37073,1.50,1.72
2011.06.01 14:06:54.808,5.36887,5.37083,1.50,1.58
2011.06.01 14:06:54.918,5.36894,5.37071,1.13,1.20
2011.06.01 14:06:55.250,5.36897,5.3707,3.00,1.20
2011.06.01 14:06:56.239,5.36908,5.37088,3.00,1.20
2011.06.01 14:06:57.246,5.36927,5.37093,3.00,1.20
2011.06.01 14:06:57.472,5.36908,5.37089,3.00,1.05
2011.06.01 14:06:57.699,5.36911,5.37088,1.50,1.20
2011.06.01 14:06:58.030,5.36918,5.37089,3.00,1.05
2011.06.01 14:06:58.470,5.36938,5.37131,3.75,4.58
2011.06.01 14:06:58.580,5.36949,5.37132,1.50,3.08
2011.06.01 14:06:58.799,5.36948,5.37124,3.75,1.20
2011.06.01 14:06:59.131,5.36937,5.3712,3.00,1.21
2011.06.01 14:06:59.238,5.36945,5.3712,1.13,1.21
2011.06.01 14:06:59.802,5.36947,5.37123,1.50,3.30
2011.06.01 14:06:59.926,5.36958,5.37134,3.00,1.20
2011.06.01 14:07:00.041,5.36958,5.37135,3.75,1.20
2011.06.01 14:07:00.719,5.36958,5.37135,3.75,1.20
2011.06.01 14:07:02.020,5.36958,5.37135,1.50,1.20
2011.06.01 14:07:02.459,5.36968,5.37138,3.00,1.20
2011.06.01 14:07:02.680,5.36977,5.37132,3.00,1.35
2011.06.01 14:07:03.429,5.36999,5.37172,1.50,1.72
2011.06.01 14:07:03.651,5.36999,5.37162,1.50,1.35
2011.06.01 14:07:04.415,5.36987,5.37142,3.00,1.13
2011.06.01 14:07:04.749,5.3698,5.37142,1.50,1.50
2011.06.01 14:07:05.190,5.36965,5.37142,1.50,1.36
2011.06.01 14:07:05.517,5.36965,5.37132,1.50,1.50
2011.06.01 14:07:06.058,5.36965,5.37152,1.50,1.20
2011.06.01 14:07:07.195,5.36998,5.37152,3.00,1.20
2011.06.01 14:07:07.533,5.36998,5.37162,3.00,1.72
2011.06.01 14:07:08.422,5.36998,5.37172,3.00,1.58
2011.06.01 14:07:09.308,5.37001,5.37176,1.50,1.20
2011.06.01 14:07:09.860,5.37001,5.37153,1.13,1.50
2011.06.01 14:07:10.191,5.36976,5.37122,1.50,1.50
2011.06.01 14:07:11.072,5.36938,5.37019,1.50,1.35
2011.06.01 14:07:11.299,5.3688,5.37018,1.13,1.57
2011.06.01 14:07:11.409,5.36876,5.37018,1.13,1.57
2011.06.01 14:07:11.652,5.36873,5.37018,1.13,1.57
2011.06.01 14:07:12.320,5.36873,5.36986,1.13,1.57
2011.06.01 14:07:12.649,5.36873,5.36986,1.13,1.20
2011.06.01 14:07:12.760,5.36873,5.36988,1.13,1.35
2011.06.01 14:07:12.869,5.36873,5.36986,1.13,1.35
2011.06.01 14:07:12.979,5.36878,5.37026,1.13,1.57
2011.06.01 14:07:13.088,5.36878,5.37022,1.13,3.00
2011.06.01 14:07:14.161,5.36878,5.37026,1.13,1.57
2011.06.01 14:07:14.719,5.36877,5.37026,1.13,1.57
2011.06.01 14:07:15.270,5.36878,5.37049,1.13,1.20
2011.06.01 14:07:15.930,5.36888,5.37053,1.50,3.22
2011.06.01 14:07:16.370,5.36918,5.3706,1.50,1.20
2011.06.01 14:07:16.479,5.36914,5.37082,1.35,2.47
2011.06.01 14:07:17.178,5.36928,5.37113,3.75,1.20
2011.06.01 14:07:17.511,5.36893,5.37073,1.50,1.20
2011.06.01 14:07:19.000,5.36893,5.37073,1.50,1.20
2011.06.01 14:07:19.109,5.36907,5.37073,1.50,1.20
2011.06.01 14:07:19.663,5.36923,5.37091,1.50,1.35
2011.06.01 14:07:20.121,5.36908,5.37091,3.00,1.59
2011.06.01 14:07:20.340,5.36894,5.37073,1.13,1.20
2011.06.01 14:07:20.947,5.36877,5.37039,1.13,1.59
2011.06.01 14:07:21.066,5.36878,5.37033,1.13,2.86
2011.06.01 14:07:21.290,5.36878,5.37039,1.88,1.35
2011.06.01 14:07:21.511,5.36877,5.37039,1.13,1.35
2011.06.01 14:07:22.420,5.36873,5.37039,1.13,1.35
2011.06.01 14:07:22.754,5.36873,5.37002,1.13,2.10
2011.06.01 14:07:23.093,5.36873,5.36992,1.13,1.50
2011.06.01 14:07:24.538,5.36873,5.37002,1.13,4.80
2011.06.01 14:07:25.178,5.36873,5.37002,1.13,2.55
2011.06.01 14:07:25.510,5.36878,5.37022,1.13,2.86
2011.06.01 14:07:25.733,5.36878,5.37033,1.13,3.22
2011.06.01 14:07:25.851,5.36876,5.37033,1.13,3.00
2011.06.01 14:07:26.189,5.36878,5.37045,1.13,1.35
2011.06.01 14:07:26.740,5.36878,5.37052,1.13,4.20
2011.06.01 14:07:27.892,5.36878,5.37043,1.13,1.50
2011.06.01 14:07:28.008,5.36874,5.37043,1.13,1.50
2011.06.01 14:07:28.931,5.36873,5.37043,1.13,3.99
2011.06.01 14:07:29.829,5.36878,5.37043,1.13,1.74
2011.06.01 14:07:31.550,5.36878,5.37042,1.13,1.50
2011.06.01 14:07:31.878,5.36878,5.37045,1.88,1.59
2011.06.01 14:07:32.708,5.36888,5.37045,2.25,1.35
2011.06.01 14:07:32.928,5.36873,5.37045,1.13,1.59
2011.06.01 14:07:34.469,5.36873,5.37022,1.13,1.50
2011.06.01 14:07:34.578,5.36873,5.37022,1.13,1.50
2011.06.01 14:07:35.020,5.36873,5.37003,1.13,1.50
2011.06.01 14:07:35.715,5.36873,5.36963,1.13,1.50
2011.06.01 14:07:36.049,5.36873,5.36973,1.13,1.50
2011.06.01 14:07:36.377,5.3681,5.36982,1.13,1.20
2011.06.01 14:07:36.819,5.36873,5.37002,1.13,1.57
2011.06.01 14:07:39.065,5.36893,5.37032,1.35,1.50
2011.06.01 14:07:39.180,5.36893,5.37032,1.35,1.50
2011.06.01 14:07:39.510,5.36904,5.37101,1.13,1.43
2011.06.01 14:07:40.391,5.36918,5.37104,3.00,1.05
2011.06.01 14:07:40.722,5.36937,5.37122,1.50,2.47
2011.06.01 14:07:40.948,5.36948,5.37134,1.50,1.57
2011.06.01 14:07:44.020,5.36938,5.37122,3.00,3.97
2011.06.01 14:07:44.351,5.36921,5.37102,1.35,3.22
2011.06.01 14:07:44.689,5.36983,5.37102,1.35,2.25
2011.06.01 14:07:44.799,5.36998,5.37152,3.00,1.74
2011.06.01 14:07:45.591,5.36987,5.37152,3.00,1.74
2011.06.01 14:07:45.928,5.36907,5.37082,1.29,3.24
2011.06.01 14:07:46.038,5.369,5.37082,1.29,3.24
2011.06.01 14:07:46.258,5.36907,5.37082,1.14,2.63
2011.06.01 14:07:46.369,5.36917,5.37093,1.14,3.00
2011.06.01 14:07:46.479,5.36917,5.37093,1.14,2.25
2011.06.01 14:07:46.590,5.36917,5.37093,1.35,2.47
2011.06.01 14:07:46.701,5.36922,5.37093,1.50,2.25
2011.06.01 14:07:46.818,5.36922,5.37102,1.50,2.25
2011.06.01 14:07:46.928,5.36938,5.37122,3.00,2.70
2011.06.01 14:07:47.147,5.36946,5.37112,1.29,2.25
2011.06.01 14:07:47.478,5.36928,5.37112,2.79,3.24
2011.06.01 14:07:47.808,5.36937,5.37072,3.75,2.63
2011.06.01 14:07:48.554,5.36911,5.37072,4.35,2.85
2011.06.01 14:07:48.675,5.36926,5.37072,3.75,2.47
2011.06.01 14:07:48.899,5.36926,5.37099,3.75,1.58
2011.06.01 14:07:49.010,5.36945,5.37102,3.75,3.83
2011.06.01 14:07:49.118,5.36945,5.37102,3.75,3.61
2011.06.01 14:07:49.231,5.36943,5.37102,3.75,3.61
2011.06.01 14:07:49.340,5.36923,5.37102,1.29,4.59
2011.06.01 14:07:49.450,5.3691,5.37072,4.50,3.00
2011.06.01 14:07:49.558,5.3691,5.37072,3.75,3.75
2011.06.01 14:07:50.110,5.36907,5.37063,4.29,3.38
2011.06.01 14:07:50.217,5.36914,5.37063,3.75,3.38
2011.06.01 14:07:50.439,5.36914,5.37072,3.75,2.49
2011.06.01 14:07:50.551,5.36914,5.37042,3.75,1.13
2011.06.01 14:07:50.668,5.36888,5.37042,2.25,1.13
2011.06.01 14:07:50.889,5.36885,5.37034,3.75,1.20
2011.06.01 14:07:51.107,5.36885,5.3704,3.75,1.36
2011.06.01 14:07:51.849,5.36873,5.3704,4.88,1.36
2011.06.01 14:07:51.958,5.36873,5.37032,4.88,1.13
2011.06.01 14:07:52.911,5.36886,5.3705,3.75,1.20
2011.06.01 14:07:53.020,5.36879,5.3705,3.75,1.20
2011.06.01 14:07:53.129,5.36879,5.37053,4.50,1.72
2011.06.01 14:07:53.240,5.36879,5.37053,3.75,1.72
2011.06.01 14:07:53.349,5.36882,5.37043,4.29,2.25
2011.06.01 14:07:53.680,5.36881,5.37032,4.29,2.25
2011.06.01 14:07:54.169,5.36881,5.37022,4.29,2.25
2011.06.01 14:07:55.372,5.36898,5.37022,3.75,2.25
2011.06.01 14:07:55.490,5.36898,5.37033,3.75,2.25
2011.06.01 14:07:55.598,5.36898,5.37042,6.00,2.25
2011.06.01 14:07:55.707,5.36907,5.37042,3.75,2.25
2011.06.01 14:07:55.928,5.36915,5.37053,3.75,2.25
2011.06.01 14:07:56.698,5.36918,5.37062,6.00,2.25
2011.06.01 14:07:56.921,5.36924,5.37062,3.75,2.25
2011.06.01 14:07:57.250,5.36941,5.37083,3.75,2.47
2011.06.01 14:07:57.579,5.36947,5.37083,3.75,2.47
2011.06.01 14:07:57.689,5.3694,5.37083,3.75,2.47
2011.06.01 14:07:58.420,5.3694,5.37072,3.75,2.25
2011.06.01 14:07:58.527,5.36947,5.37072,3.75,2.25
2011.06.01 14:07:58.859,5.36947,5.37053,3.75,2.25
2011.06.01 14:07:59.189,5.36935,5.37053,3.75,2.25
2011.06.01 14:07:59.299,5.3693,5.37072,3.75,2.25
2011.06.01 14:07:59.409,5.36942,5.37072,3.75,2.25
2011.06.01 14:07:59.959,5.36943,5.37082,3.75,2.47
2011.06.01 14:08:00.618,5.36933,5.37073,3.75,2.47
2011.06.01 14:08:00.840,5.36941,5.37073,3.75,2.47
2011.06.01 14:08:01.793,5.36967,5.37113,2.25,2.47
2011.06.01 14:08:01.908,5.36959,5.37093,3.75,2.25
2011.06.01 14:08:02.238,5.36963,5.37093,3.75,2.25
2011.06.01 14:08:02.349,5.36959,5.37093,3.75,2.25
2011.06.01 14:08:02.680,5.36951,5.37083,3.75,2.25
2011.06.01 14:08:03.010,5.36969,5.37044,3.75,1.13
2011.06.01 14:08:03.340,5.36932,5.36974,1.58,1.35
2011.06.01 14:08:03.563,5.36873,5.36986,1.13,1.57
2011.06.01 14:08:03.679,5.36837,5.36963,1.65,1.20
2011.06.01 14:08:03.788,5.36792,5.36951,3.75,1.35
2011.06.01 14:08:03.899,5.36866,5.36951,1.05,1.35
2011.06.01 14:08:04.553,5.36866,5.36936,1.05,1.13
2011.06.01 14:08:04.676,5.36744,5.36919,3.75,1.57
2011.06.01 14:08:04.791,5.36735,5.36904,3.75,1.35
2011.06.01 14:08:05.119,5.36737,5.36904,2.25,1.35
2011.06.01 14:08:05.229,5.36728,5.36904,2.25,1.35
2011.06.01 14:08:05.340,5.36725,5.36902,3.75,3.22
2011.06.01 14:08:05.448,5.36734,5.36872,3.75,2.47
2011.06.01 14:08:05.560,5.36721,5.36883,3.75,3.22
2011.06.01 14:08:05.780,5.36725,5.36892,3.75,3.22
2011.06.01 14:08:05.999,5.3672,5.36883,3.75,3.22
2011.06.01 14:08:06.329,5.3672,5.36872,3.75,3.22
2011.06.01 14:08:07.326,5.3672,5.36837,3.75,1.57
2011.06.01 14:08:07.569,5.36657,5.36833,3.75,3.22
2011.06.01 14:08:07.679,5.36676,5.36837,3.75,1.95
2011.06.01 14:08:08.009,5.36664,5.36819,3.75,1.35
2011.06.01 14:08:08.120,5.36662,5.36819,3.75,1.35
2011.06.01 14:08:08.338,5.36662,5.36819,3.75,1.35
2011.06.01 14:08:08.448,5.3665,5.36819,4.50,1.35
2011.06.01 14:08:08.987,5.36646,5.36822,4.50,1.35
2011.06.01 14:08:09.211,5.36651,5.36782,3.75,1.50
2011.06.01 14:08:09.549,5.36651,5.36782,3.75,1.72
2011.06.01 14:08:10.289,5.36619,5.36772,3.75,3.22
2011.06.01 14:08:10.403,5.36605,5.36759,3.75,1.35
2011.06.01 14:08:10.521,5.36602,5.36782,3.75,2.85
2011.06.01 14:08:10.630,5.36605,5.36783,3.75,2.85
2011.06.01 14:08:10.958,5.36627,5.36793,3.75,1.57
2011.06.01 14:08:11.288,5.36618,5.36782,3.75,1.35
2011.06.01 14:08:11.401,5.36614,5.36782,3.75,1.72
2011.06.01 14:08:11.618,5.36608,5.36782,3.75,3.97
2011.06.01 14:08:11.729,5.36616,5.36782,3.75,3.97
2011.06.01 14:08:11.948,5.36616,5.36782,3.75,2.85
2011.06.01 14:08:12.169,5.36624,5.36793,3.75,2.47
2011.06.01 14:08:12.281,5.36624,5.36793,3.75,2.25
2011.06.01 14:08:12.400,5.36643,5.36812,3.75,1.20
2011.06.01 14:08:13.040,5.3665,5.36812,4.35,1.20
2011.06.01 14:08:13.154,5.36658,5.36841,2.25,1.20
2011.06.01 14:08:13.268,5.36662,5.36841,3.75,1.20
2011.06.01 14:08:13.821,5.3667,5.36853,3.75,3.08
2011.06.01 14:08:14.162,5.3669,5.36842,3.75,1.20
2011.06.01 14:08:14.719,5.36709,5.3684,3.75,1.20
2011.06.01 14:08:14.829,5.36709,5.36843,3.75,3.24
2011.06.01 14:08:14.942,5.36709,5.36823,3.75,1.13
2011.06.01 14:08:15.060,5.36709,5.36843,3.75,1.20
2011.06.01 14:08:15.168,5.36691,5.36843,3.75,1.20
2011.06.01 14:08:15.901,5.36687,5.36848,3.75,1.35
2011.06.01 14:08:16.568,5.36691,5.36847,3.75,1.20
2011.06.01 14:08:17.009,5.3669,5.36833,3.75,1.20
2011.06.01 14:08:17.120,5.36673,5.36833,3.75,2.70
2011.06.01 14:08:17.228,5.36673,5.36833,3.75,2.47
2011.06.01 14:08:17.339,5.36673,5.36843,4.73,1.20
2011.06.01 14:08:17.670,5.36697,5.36822,3.75,1.35
2011.06.01 14:08:17.781,5.36674,5.36803,3.75,1.05
2011.06.01 14:08:17.892,5.36628,5.368,1.50,1.57
2011.06.01 14:08:18.011,5.36624,5.36782,3.75,1.20
2011.06.01 14:08:18.121,5.36621,5.36782,4.50,1.20
2011.06.01 14:08:18.759,5.36587,5.36742,3.75,1.20
2011.06.01 14:08:18.979,5.36594,5.36752,3.75,3.22
2011.06.01 14:08:19.419,5.36603,5.36767,3.75,1.20
2011.06.01 14:08:19.750,5.36587,5.36742,2.25,1.74
2011.06.01 14:08:19.859,5.36556,5.36736,4.50,1.36
2011.06.01 14:08:19.969,5.36553,5.36716,4.50,1.13
2011.06.01 14:08:20.630,5.36549,5.36694,3.75,1.20
2011.06.01 14:08:20.862,5.3648,5.36655,4.13,1.20
2011.06.01 14:08:21.540,5.36497,5.3664,2.25,1.20
2011.06.01 14:08:21.652,5.36473,5.36633,1.09,1.35
2011.06.01 14:08:21.771,5.36474,5.36623,1.43,3.00
2011.06.01 14:08:22.108,5.36473,5.36612,1.24,3.00
2011.06.01 14:08:22.439,5.36473,5.36612,1.47,3.00
2011.06.01 14:08:22.990,5.36474,5.36612,1.28,3.00
2011.06.01 14:08:23.099,5.36474,5.36592,1.28,1.13
2011.06.01 14:08:23.209,5.36454,5.36567,1.17,1.73
2011.06.01 14:08:23.926,5.36453,5.36543,1.58,1.13
2011.06.01 14:08:24.271,5.36453,5.36542,1.59,3.00
2011.06.01 14:08:24.391,5.36453,5.36567,1.35,1.57
2011.06.01 14:08:24.718,5.36454,5.36556,1.93,1.20
2011.06.01 14:08:24.940,5.36453,5.36553,1.19,3.22
2011.06.01 14:08:25.048,5.36443,5.36562,1.69,2.70
2011.06.01 14:08:25.158,5.36443,5.36562,1.69,2.49
2011.06.01 14:08:25.271,5.36443,5.36582,1.69,2.49
2011.06.01 14:08:25.379,5.36443,5.36572,1.69,2.47
2011.06.01 14:08:25.817,5.36463,5.36573,1.96,2.49
2011.06.01 14:08:26.148,5.36473,5.36582,1.29,2.49
2011.06.01 14:08:27.368,5.36464,5.36593,1.19,2.49
2011.06.01 14:08:27.411,5.36464,5.36593,1.19,2.70
2011.06.01 14:08:27.759,5.36447,5.36593,3.75,2.70
2011.06.01 14:08:27.870,5.36473,5.36613,1.08,2.70
2011.06.01 14:08:27.982,5.36464,5.36622,1.49,2.47
2011.06.01 14:08:28.102,5.36468,5.36633,4.56,2.49
2011.06.01 14:08:28.218,5.36473,5.36622,1.22,2.25
2011.06.01 14:08:28.327,5.36473,5.36633,1.22,2.49
2011.06.01 14:08:29.100,5.36494,5.36633,3.75,2.49
2011.06.01 14:08:29.212,5.36494,5.36633,3.75,2.25
2011.06.01 14:08:29.329,5.36494,5.36652,3.75,2.49
2011.06.01 14:08:30.144,5.36494,5.36652,3.75,2.47
2011.06.01 14:08:30.263,5.36481,5.36653,4.62,2.49
2011.06.01 14:08:30.601,5.36524,5.36652,3.75,2.25
2011.06.01 14:08:30.710,5.36524,5.36697,4.29,1.36
2011.06.01 14:08:30.821,5.36513,5.36684,4.29,1.36
2011.06.01 14:08:30.929,5.36506,5.36673,3.75,1.95
2011.06.01 14:08:31.151,5.36506,5.36673,4.50,1.20
2011.06.01 14:08:31.382,5.36557,5.36709,3.75,1.13
2011.06.01 14:08:31.502,5.36557,5.36712,4.50,2.63
2011.06.01 14:08:31.623,5.3657,5.36712,1.13,2.25
2011.06.01 14:08:31.853,5.36588,5.36759,3.75,1.05
2011.06.01 14:08:31.972,5.36588,5.36754,3.75,1.20
2011.06.01 14:08:32.607,5.36588,5.36742,3.75,2.25
2011.06.01 14:08:32.950,5.36588,5.36743,3.75,2.47
2011.06.01 14:08:33.279,5.36566,5.36722,3.75,1.50
2011.06.01 14:08:33.389,5.36566,5.36712,3.75,2.25
2011.06.01 14:08:33.719,5.36573,5.36723,3.75,2.70
2011.06.01 14:08:34.049,5.36577,5.36732,3.75,3.83
2011.06.01 14:08:34.378,5.36574,5.36723,3.75,3.22
2011.06.01 14:08:35.158,5.36565,5.36713,3.75,1.35
2011.06.01 14:08:35.274,5.366,5.36723,3.75,2.70
2011.06.01 14:08:35.911,5.36581,5.36733,3.75,1.35
2011.06.01 14:08:36.380,5.36578,5.36733,3.75,3.83
2011.06.01 14:08:36.758,5.36571,5.36732,3.75,1.20
2011.06.01 14:08:37.088,5.36575,5.36722,3.75,1.35
2011.06.01 14:08:37.198,5.36571,5.36722,3.75,1.35
2011.06.01 14:08:37.532,5.36571,5.36732,4.50,3.45
2011.06.01 14:08:37.650,5.36571,5.36722,3.75,1.35
2011.06.01 14:08:37.760,5.36571,5.36722,3.75,1.72
2011.06.01 14:08:38.258,5.36565,5.36702,3.75,1.13
2011.06.01 14:08:39.068,5.36549,5.36702,4.50,1.13
2011.06.01 14:08:39.288,5.36561,5.36702,3.75,1.13
2011.06.01 14:08:39.398,5.36561,5.36703,3.75,1.35
2011.06.01 14:08:39.729,5.36572,5.36716,3.75,1.35
2011.06.01 14:08:40.063,5.36576,5.36713,3.75,1.20
2011.06.01 14:08:40.399,5.36583,5.36727,3.75,1.20
2011.06.01 14:08:40.728,5.36575,5.36723,3.75,3.22
2011.06.01 14:08:40.838,5.36578,5.36723,3.75,3.22
2011.06.01 14:08:41.278,5.36575,5.36723,3.75,3.22
2011.06.01 14:08:41.392,5.36578,5.36723,3.75,3.22
2011.06.01 14:08:41.508,5.36578,5.36727,3.75,1.20
2011.06.01 14:08:41.618,5.36583,5.36733,3.75,3.22
2011.06.01 14:08:41.729,5.36563,5.36733,3.75,3.22
2011.06.01 14:08:41.842,5.3659,5.36733,3.75,3.22
2011.06.01 14:08:42.555,5.36581,5.36733,3.75,2.47
2011.06.01 14:08:42.682,5.36581,5.36733,3.75,2.25
2011.06.01 14:08:42.798,5.36583,5.36733,3.75,2.25
2011.06.01 14:08:43.540,5.36583,5.36702,3.75,1.50
2011.06.01 14:08:43.650,5.36547,5.36702,2.25,1.95
2011.06.01 14:08:43.758,5.36528,5.36687,4.50,1.74
2011.06.01 14:08:43.871,5.36528,5.36687,3.75,1.74
2011.06.01 14:08:44.429,5.36504,5.36663,3.75,1.20
2011.06.01 14:08:44.538,5.36526,5.36673,3.75,1.20
2011.06.01 14:08:45.338,5.36542,5.36689,3.75,1.20
2011.06.01 14:08:45.717,5.36569,5.36722,3.75,2.49
2011.06.01 14:08:46.050,5.36548,5.36682,2.25,1.13
2011.06.01 14:08:46.269,5.36531,5.36678,3.75,1.36
2011.06.01 14:08:46.380,5.36527,5.36678,3.75,1.36
2011.06.01 14:08:46.489,5.36526,5.36683,3.75,1.20
2011.06.01 14:08:46.820,5.3654,5.36674,3.75,1.13
2011.06.01 14:08:47.148,5.3654,5.36652,3.75,2.25
2011.06.01 14:08:47.479,5.36523,5.36692,4.50,1.74
2011.06.01 14:08:47.589,5.36554,5.36692,3.75,1.74
2011.06.01 14:08:48.165,5.36554,5.36702,3.75,3.24
2011.06.01 14:08:48.287,5.36622,5.36743,3.75,2.25
2011.06.01 14:08:48.512,5.36619,5.36743,3.75,2.25
2011.06.01 14:08:48.958,5.36621,5.36772,3.75,2.49
2011.06.01 14:08:49.071,5.36621,5.36772,3.75,2.70
2011.06.01 14:08:49.178,5.36617,5.36783,3.75,3.08
2011.06.01 14:08:49.818,5.36633,5.36783,3.75,2.70
2011.06.01 14:08:50.039,5.36625,5.36783,3.75,2.70
2011.06.01 14:08:51.214,5.36609,5.36772,3.75,2.70
2011.06.01 14:08:51.441,5.36607,5.36772,3.75,2.70
2011.06.01 14:08:51.770,5.36609,5.36772,3.75,2.70
2011.06.01 14:08:52.100,5.36625,5.36802,3.75,1.58
2011.06.01 14:08:52.430,5.36632,5.36806,3.75,1.20
2011.06.01 14:08:52.648,5.36643,5.36803,3.75,2.70
2011.06.01 14:08:52.759,5.36647,5.36803,3.75,2.70
2011.06.01 14:08:53.638,5.36647,5.36795,3.75,1.20
2011.06.01 14:08:54.280,5.36633,5.36783,3.75,2.63
2011.06.01 14:08:54.396,5.36614,5.36772,3.75,2.47
2011.06.01 14:08:55.062,5.36617,5.36782,3.75,2.70
2011.06.01 14:08:55.399,5.3664,5.36803,3.75,2.70
2011.06.01 14:08:55.620,5.36622,5.36793,3.75,1.20
2011.06.01 14:08:55.839,5.36614,5.36772,3.75,2.47
2011.06.01 14:08:55.949,5.36614,5.36755,3.75,1.57
2011.06.01 14:08:56.061,5.36585,5.36743,1.13,3.22
2011.06.01 14:08:56.179,5.3657,5.36743,5.25,3.22
2011.06.01 14:08:56.401,5.36571,5.36743,1.50,3.22
2011.06.01 14:08:56.730,5.36592,5.36755,4.50,1.57
2011.06.01 14:08:56.840,5.36592,5.36755,4.50,1.57
2011.06.01 14:08:58.189,5.36602,5.36777,1.50,1.20
2011.06.01 14:08:58.850,5.36622,5.36777,4.50,1.20
2011.06.01 14:08:59.400,5.36626,5.36792,1.50,1.57
2011.06.01 14:08:59.728,5.36626,5.36792,1.50,1.35
2011.06.01 14:09:00.418,5.36624,5.36792,1.50,1.57
2011.06.01 14:09:00.969,5.36624,5.36792,1.50,1.57
2011.06.01 14:09:02.179,5.36647,5.36813,4.50,3.22
2011.06.01 14:09:02.508,5.36651,5.36821,4.50,1.20
2011.06.01 14:09:02.949,5.36634,5.36782,1.13,3.22
2011.06.01 14:09:03.061,5.36614,5.36782,4.50,3.22
2011.06.01 14:09:03.787,5.36604,5.36773,4.50,1.72
2011.06.01 14:09:04.827,5.36604,5.36762,4.50,3.22
2011.06.01 14:09:04.938,5.36604,5.36762,4.50,2.47
2011.06.01 14:09:05.158,5.36652,5.36792,3.75,1.05
2011.06.01 14:09:05.820,5.36652,5.36783,3.75,1.20
2011.06.01 14:09:06.151,5.36633,5.36791,3.75,1.20
2011.06.01 14:09:06.260,5.36647,5.36797,3.75,1.20
2011.06.01 14:09:06.369,5.36632,5.36797,3.75,1.20
2011.06.01 14:09:06.480,5.3665,5.36792,3.75,2.47
2011.06.01 14:09:07.255,5.36659,5.36822,3.75,1.20
2011.06.01 14:09:07.482,5.36632,5.36791,3.75,1.20
2011.06.01 14:09:07.602,5.36632,5.36783,3.75,2.70
2011.06.01 14:09:08.163,5.36635,5.36791,3.75,1.05
2011.06.01 14:09:08.281,5.36644,5.36791,3.75,1.05
2011.06.01 14:09:10.104,5.3665,5.36822,3.75,1.58
2011.06.01 14:09:10.437,5.36658,5.36822,3.75,1.58
2011.06.01 14:09:10.988,5.36655,5.36822,3.75,3.83
2011.06.01 14:09:11.208,5.36659,5.36822,3.75,3.45
2011.06.01 14:09:11.759,5.36666,5.36826,3.75,1.05
2011.06.01 14:09:11.869,5.36673,5.36833,3.75,2.70
2011.06.01 14:09:11.979,5.36669,5.3683,3.75,1.35
2011.06.01 14:09:12.199,5.36661,5.36832,3.75,2.47
2011.06.01 14:09:12.419,5.36661,5.36832,3.75,3.08
2011.06.01 14:09:12.748,5.36673,5.36832,3.75,3.08
2011.06.01 14:09:13.511,5.36674,5.36832,3.75,2.70
2011.06.01 14:09:14.115,5.36684,5.36852,3.75,2.70
2011.06.01 14:09:14.448,5.36699,5.36852,3.75,2.70
2011.06.01 14:09:14.778,5.36695,5.36862,3.75,2.70
2011.06.01 14:09:15.000,5.36695,5.36864,3.75,1.05
2011.06.01 14:09:15.219,5.367,5.36864,3.75,1.05
2011.06.01 14:09:15.548,5.36702,5.36862,3.75,2.70
2011.06.01 14:09:15.877,5.36706,5.36864,3.75,1.05
2011.06.01 14:09:16.318,5.36699,5.36864,3.75,1.05
2011.06.01 14:09:17.320,5.36715,5.36864,3.75,1.05
2011.06.01 14:09:17.435,5.3671,5.36872,3.75,1.05
2011.06.01 14:09:17.992,5.36717,5.36873,3.75,2.70
2011.06.01 14:09:18.548,5.36722,5.36882,3.75,2.70
2011.06.01 14:09:18.769,5.3671,5.36882,3.75,2.70
2011.06.01 14:09:18.990,5.36714,5.36882,3.75,2.70
2011.06.01 14:09:19.400,5.36714,5.36877,4.50,1.20
2011.06.01 14:09:19.619,5.36754,5.36877,3.75,1.20
2011.06.01 14:09:19.728,5.36754,5.36897,4.50,1.05
2011.06.01 14:09:19.839,5.36754,5.36912,5.10,3.24
2011.06.01 14:09:20.058,5.36767,5.36925,3.00,1.20
2011.06.01 14:09:20.170,5.36767,5.36922,3.00,1.20
2011.06.01 14:09:20.389,5.36767,5.36922,3.00,1.20
2011.06.01 14:09:20.498,5.36754,5.36922,1.35,1.20
2011.06.01 14:09:21.236,5.36754,5.36923,1.35,1.74
2011.06.01 14:09:24.299,5.36754,5.36912,1.35,1.74
2011.06.01 14:09:25.039,5.36754,5.36912,1.35,1.74
2011.06.01 14:09:25.755,5.36767,5.36943,3.00,1.95
2011.06.01 14:09:27.839,5.36778,5.36943,3.00,1.20
2011.06.01 14:09:28.170,5.36777,5.36943,3.00,1.20
2011.06.01 14:09:28.280,5.36777,5.36928,3.00,1.36
2011.06.01 14:09:28.498,5.36754,5.36933,1.35,1.74
2011.06.01 14:09:29.604,5.36754,5.36936,1.35,1.74
2011.06.01 14:09:30.627,5.36754,5.36936,1.35,1.74
2011.06.01 14:09:31.514,5.36754,5.36936,1.35,1.74
2011.06.01 14:09:32.040,5.36797,5.36943,3.00,1.95
2011.06.01 14:09:32.740,5.36788,5.36942,3.00,3.24
2011.06.01 14:09:33.939,5.36788,5.36942,3.00,3.24
2011.06.01 14:09:35.512,5.36788,5.36932,3.00,3.24
2011.06.01 14:09:36.219,5.36778,5.36932,3.00,3.24
2011.06.01 14:09:36.816,5.36778,5.36932,3.00,3.24
2011.06.01 14:09:39.231,5.36778,5.36922,3.00,3.24
2011.06.01 14:09:39.341,5.36778,5.36913,2.25,1.74
2011.06.01 14:09:39.562,5.36767,5.36888,3.00,1.20
2011.06.01 14:09:39.680,5.36767,5.36903,3.00,1.95
2011.06.01 14:09:40.010,5.36768,5.36902,3.00,1.20
2011.06.01 14:09:40.338,5.36757,5.36902,3.00,1.20
2011.06.01 14:09:40.448,5.36767,5.36902,3.00,1.20
2011.06.01 14:09:41.019,5.36758,5.36902,3.00,3.45
2011.06.01 14:09:41.571,5.36757,5.36902,3.00,1.20
2011.06.01 14:09:41.898,5.36768,5.36912,3.00,3.99
2011.06.01 14:09:42.553,5.36767,5.36922,3.00,1.95
2011.06.01 14:09:42.669,5.36767,5.36922,3.00,1.58
2011.06.01 14:09:42.782,5.36788,5.36927,3.00,1.20
2011.06.01 14:09:42.902,5.36788,5.36931,3.00,1.20
2011.06.01 14:09:43.240,5.36797,5.36942,3.00,1.20
2011.06.01 14:09:44.111,5.36797,5.36943,3.00,1.20
2011.06.01 14:09:45.272,5.36798,5.36942,3.00,2.70
2011.06.01 14:09:45.500,5.36807,5.36948,3.00,1.20
2011.06.01 14:09:46.155,5.36807,5.36953,3.00,1.72
2011.06.01 14:09:46.275,5.36827,5.36973,3.00,1.74
2011.06.01 14:09:47.400,5.36827,5.36973,3.00,3.99
2011.06.01 14:09:49.053,5.36827,5.36972,3.00,1.36
2011.06.01 14:09:50.026,5.36828,5.36972,3.00,3.99
2011.06.01 14:09:50.141,5.36828,5.36972,3.00,3.24
2011.06.01 14:09:50.263,5.36827,5.36973,3.00,2.86
2011.06.01 14:09:50.601,5.36837,5.36991,3.00,1.36
2011.06.01 14:09:50.713,5.36857,5.36996,3.00,1.20
2011.06.01 14:09:52.058,5.36858,5.36999,3.00,1.20
2011.06.01 14:09:52.168,5.36867,5.36999,3.00,1.20
2011.06.01 14:09:54.059,5.36868,5.37004,3.00,1.20
2011.06.01 14:09:54.948,5.36868,5.37012,3.00,3.08
2011.06.01 14:09:55.059,5.36877,5.37023,3.00,3.24
2011.06.01 14:09:55.169,5.36877,5.37023,3.00,2.49
2011.06.01 14:09:55.280,5.36878,5.37032,3.00,3.61
2011.06.01 14:09:55.499,5.36898,5.37043,3.00,1.74
2011.06.01 14:09:55.608,5.36898,5.37043,3.00,1.36
2011.06.01 14:09:55.939,5.36908,5.37052,3.00,3.24
2011.06.01 14:09:57.464,5.36917,5.37059,3.00,1.20
2011.06.01 14:09:57.571,5.36938,5.37063,3.00,1.36
2011.06.01 14:09:57.694,5.36938,5.37073,2.63,1.74
2011.06.01 14:09:57.919,5.36928,5.37072,2.63,3.45
2011.06.01 14:09:58.579,5.36928,5.37067,3.00,1.74
2011.06.01 14:09:58.691,5.36907,5.37063,3.00,3.24
2011.06.01 14:09:59.131,5.36927,5.37072,3.00,1.95
2011.06.01 14:09:59.350,5.36917,5.37072,3.00,2.70
2011.06.01 14:09:59.570,5.36908,5.37052,3.00,3.24
2011.06.01 14:10:00.335,5.36898,5.37041,3.00,1.36
2011.06.01 14:10:00.558,5.36887,5.37026,3.00,1.36
2011.06.01 14:10:00.784,5.36877,5.37033,3.00,3.99
2011.06.01 14:10:01.230,5.36868,5.37014,3.00,1.36
2011.06.01 14:10:01.920,5.36888,5.37022,3.00,1.74
2011.06.01 14:10:02.030,5.36887,5.37033,3.00,1.20
2011.06.01 14:10:02.428,5.36877,5.37023,3.00,3.24
2011.06.01 14:10:02.908,5.36868,5.37012,3.00,2.86
2011.06.01 14:10:03.897,5.36868,5.37012,3.00,3.24
2011.06.01 14:10:04.228,5.36857,5.37002,3.00,1.74
2011.06.01 14:10:04.449,5.36857,5.36983,3.00,1.50
2011.06.01 14:10:04.668,5.36838,5.36978,3.00,1.36
2011.06.01 14:10:04.999,5.36838,5.36982,3.00,2.49
2011.06.01 14:10:05.109,5.36857,5.36993,3.00,1.74
2011.06.01 14:10:05.220,5.36838,5.36992,3.00,2.49
2011.06.01 14:10:05.439,5.36857,5.37003,3.00,3.24
2011.06.01 14:10:06.830,5.36857,5.37003,3.00,3.99
2011.06.01 14:10:06.929,5.36857,5.37003,3.00,3.24
2011.06.01 14:10:07.159,5.36857,5.36999,3.00,1.74
2011.06.01 14:10:07.378,5.36858,5.37002,3.00,1.74
2011.06.01 14:10:08.159,5.36858,5.37002,3.00,1.74
2011.06.01 14:10:09.669,5.36858,5.37,3.00,1.74
2011.06.01 14:10:09.779,5.36858,5.37,3.00,1.74
2011.06.01 14:10:09.999,5.36857,5.37002,3.00,1.74
2011.06.01 14:10:10.438,5.36857,5.37002,3.00,1.36
2011.06.01 14:10:11.090,5.36868,5.3694,2.25,1.74
2011.06.01 14:10:11.418,5.36838,5.36922,2.25,1.36
2011.06.01 14:10:11.528,5.36798,5.36922,3.00,1.36
2011.06.01 14:10:11.639,5.36798,5.3694,3.00,1.36
2011.06.01 14:10:11.751,5.36798,5.36942,3.00,3.08
2011.06.01 14:10:11.861,5.36788,5.36933,1.50,2.49
2011.06.01 14:10:11.972,5.36787,5.36933,3.00,3.23
2011.06.01 14:10:12.078,5.36787,5.36933,2.25,3.23
2011.06.01 14:10:12.188,5.36787,5.36933,2.25,3.46
2011.06.01 14:10:12.407,5.36757,5.36913,2.25,2.25
2011.06.01 14:10:12.518,5.36767,5.36913,2.25,2.25
2011.06.01 14:10:13.319,5.36767,5.36913,2.25,3.00
2011.06.01 14:10:13.430,5.36767,5.36913,2.25,2.25
2011.06.01 14:10:13.540,5.36767,5.36913,2.25,3.00
2011.06.01 14:10:13.650,5.36746,5.36902,1.29,1.35
2011.06.01 14:10:13.759,5.36708,5.36902,2.04,1.35
2011.06.01 14:10:14.441,5.36727,5.36915,1.13,1.59
2011.06.01 14:10:14.549,5.36747,5.36893,2.79,3.09
2011.06.01 14:10:14.882,5.36757,5.36903,2.25,2.85
2011.06.01 14:10:16.331,5.36757,5.36903,3.75,2.25
2011.06.01 14:10:16.441,5.36778,5.36922,3.54,2.25
2011.06.01 14:10:16.670,5.36797,5.36953,2.25,2.25
2011.06.01 14:10:17.112,5.36808,5.36962,2.25,2.25
2011.06.01 14:10:17.801,5.36828,5.36982,2.25,2.85
2011.06.01 14:10:18.381,5.36827,5.36983,2.25,2.85
2011.06.01 14:10:19.048,5.36807,5.36992,1.29,1.21
2011.06.01 14:10:19.160,5.36811,5.36992,1.29,1.21
2011.06.01 14:10:19.709,5.36827,5.36973,2.79,2.25
2011.06.01 14:10:19.818,5.36827,5.36983,2.79,2.25
2011.06.01 14:10:20.589,5.36838,5.36982,2.25,2.25
2011.06.01 14:10:21.407,5.36868,5.37012,2.25,2.25
2011.06.01 14:10:22.288,5.36868,5.37022,2.25,2.63
2011.06.01 14:10:22.617,5.36867,5.37013,2.25,2.25
2011.06.01 14:10:22.731,5.36867,5.37023,2.25,2.63
2011.06.01 14:10:22.840,5.36868,5.37012,2.25,2.25
2011.06.01 14:10:23.168,5.36868,5.37009,2.25,1.59
2011.06.01 14:10:23.610,5.36847,5.36993,2.25,3.09
2011.06.01 14:10:23.718,5.3681,5.37009,1.50,1.59
2011.06.01 14:10:23.939,5.36807,5.36985,1.29,1.59
2011.06.01 14:10:24.047,5.36807,5.36987,1.29,1.21
2011.06.01 14:10:24.660,5.3681,5.36987,1.29,1.21
2011.06.01 14:10:24.771,5.36828,5.36982,2.79,2.25
2011.06.01 14:10:25.099,5.36848,5.36989,2.25,1.35
2011.06.01 14:10:25.208,5.36827,5.36983,2.79,2.25
2011.06.01 14:10:25.320,5.36828,5.36985,1.29,1.35
2011.06.01 14:10:25.649,5.36888,5.37031,2.25,1.59
2011.06.01 14:10:25.868,5.36857,5.37013,2.25,3.22
2011.06.01 14:10:25.979,5.36848,5.37002,3.00,3.45
2011.06.01 14:10:26.088,5.36857,5.36993,2.25,1.74
2011.06.01 14:10:26.419,5.36853,5.37002,1.50,3.22
2011.06.01 14:10:26.529,5.36868,5.37024,3.00,1.20
2011.06.01 14:10:26.640,5.36899,5.37043,1.35,1.20
2011.06.01 14:10:26.859,5.36938,5.37073,2.25,1.20
2011.06.01 14:10:27.079,5.36938,5.37073,2.63,1.20
2011.06.01 14:10:27.755,5.36948,5.37093,2.25,1.20
2011.06.01 14:10:27.978,5.36937,5.37093,2.25,3.45
2011.06.01 14:10:28.871,5.36937,5.37092,3.00,1.74
2011.06.01 14:10:30.218,5.36947,5.37092,3.00,1.74
2011.06.01 14:10:30.551,5.36958,5.37092,2.25,1.74
2011.06.01 14:10:30.988,5.36937,5.37083,3.00,1.74
2011.06.01 14:10:32.439,5.36938,5.37083,3.00,1.74
2011.06.01 14:10:32.968,5.36938,5.37092,3.00,3.24
2011.06.01 14:10:33.081,5.36938,5.37092,3.00,3.24
2011.06.01 14:10:33.302,5.36958,5.37103,1.50,3.00
2011.06.01 14:10:33.751,5.36978,5.37123,3.00,1.20
2011.06.01 14:10:34.832,5.36978,5.37134,3.00,1.20
2011.06.01 14:10:34.951,5.36978,5.37134,3.00,1.20
2011.06.01 14:10:35.294,5.37018,5.37153,1.50,2.86
2011.06.01 14:10:35.926,5.37028,5.37153,1.50,2.63
2011.06.01 14:10:36.046,5.37037,5.37193,3.00,3.22
2011.06.01 14:10:36.488,5.3707,5.37193,1.35,2.25
2011.06.01 14:10:36.600,5.37108,5.37253,3.00,1.20
2011.06.01 14:10:36.711,5.37118,5.37266,3.00,1.20
2011.06.01 14:10:36.819,5.37117,5.37273,3.00,3.45
2011.06.01 14:10:36.929,5.37137,5.37273,2.25,1.20
2011.06.01 14:10:37.148,5.37079,5.37213,1.13,2.47
2011.06.01 14:10:37.259,5.37114,5.37213,1.35,2.47
2011.06.01 14:10:37.588,5.37128,5.37275,2.25,1.20
2011.06.01 14:10:37.700,5.37128,5.37275,2.25,1.20
2011.06.01 14:10:38.267,5.37137,5.37275,2.25,1.20
2011.06.01 14:10:38.707,5.37127,5.37275,2.25,1.20
2011.06.01 14:10:40.269,5.37157,5.37297,2.25,1.20
2011.06.01 14:10:40.489,5.37138,5.37297,2.25,1.20
2011.06.01 14:10:41.038,5.37137,5.37288,2.25,1.20
2011.06.01 14:10:41.262,5.37117,5.37277,2.25,1.20
2011.06.01 14:10:41.379,5.37098,5.37272,2.25,2.70
2011.06.01 14:10:41.941,5.37098,5.37263,3.00,1.20
2011.06.01 14:10:42.051,5.37098,5.37272,3.00,2.70
2011.06.01 14:10:42.282,5.37101,5.37292,1.13,1.20
2011.06.01 14:10:42.914,5.37097,5.37292,1.13,1.20
2011.06.01 14:10:43.572,5.37097,5.37292,1.50,1.20
2011.06.01 14:10:43.690,5.37088,5.37274,1.73,1.20
2011.06.01 14:10:43.910,5.37127,5.37274,2.25,1.20
2011.06.01 14:10:44.948,5.37118,5.37274,2.25,1.20
2011.06.01 14:10:45.279,5.37127,5.37274,2.25,1.20
2011.06.01 14:10:45.609,5.37138,5.37274,2.25,1.20
2011.06.01 14:10:46.158,5.37148,5.37293,2.25,1.20
2011.06.01 14:10:46.267,5.37137,5.37293,2.25,1.20
2011.06.01 14:10:47.394,5.37128,5.37276,2.25,1.20
2011.06.01 14:10:47.510,5.37117,5.37276,2.25,1.20
2011.06.01 14:10:48.079,5.37128,5.37276,2.25,1.20
2011.06.01 14:10:48.188,5.37108,5.37272,2.25,2.70
2011.06.01 14:10:48.761,5.37107,5.37263,2.25,2.70
2011.06.01 14:10:49.311,5.37087,5.37243,2.25,2.47
2011.06.01 14:10:49.751,5.37078,5.37232,2.25,2.47
2011.06.01 14:10:50.302,5.37068,5.37232,2.25,2.70
2011.06.01 14:10:51.459,5.37067,5.37223,2.25,2.70
2011.06.01 14:10:51.789,5.37048,5.37202,2.25,3.08
2011.06.01 14:10:52.010,5.37038,5.37182,2.25,2.47
2011.06.01 14:10:52.778,5.37028,5.37182,2.25,2.47
2011.06.01 14:10:54.556,5.37038,5.37182,2.25,2.47
2011.06.01 14:10:55.218,5.37038,5.37182,3.00,2.47
2011.06.01 14:10:55.329,5.37087,5.37211,2.25,1.36
2011.06.01 14:10:55.440,5.37087,5.37216,3.00,1.36
2011.06.01 14:10:55.551,5.37087,5.37228,3.00,1.20
2011.06.01 14:10:55.879,5.37087,5.37239,2.63,1.20
2011.06.01 14:10:56.939,5.37077,5.37231,3.00,1.20
2011.06.01 14:10:57.269,5.37067,5.37192,2.25,1.72
2011.06.01 14:10:57.382,5.37027,5.37183,3.00,3.22
2011.06.01 14:10:58.382,5.37075,5.37241,1.50,1.57
2011.06.01 14:10:58.897,5.37075,5.37241,1.50,1.35
2011.06.01 14:10:59.558,5.37078,5.37241,1.50,1.35
2011.06.01 14:11:00.502,5.37075,5.37241,1.50,1.35
2011.06.01 14:11:00.622,5.37077,5.37223,2.25,3.22
2011.06.01 14:11:00.741,5.37058,5.37212,3.00,3.00
2011.06.01 14:11:01.505,5.37037,5.37183,3.00,3.22
2011.06.01 14:11:02.130,5.37048,5.37192,2.63,3.22
2011.06.01 14:11:02.570,5.37048,5.37192,3.75,3.22
2011.06.01 14:11:02.900,5.37057,5.37217,3.00,1.20
2011.06.01 14:11:04.734,5.37077,5.37223,3.38,3.22
2011.06.01 14:11:05.180,5.37077,5.37222,1.50,3.22
2011.06.01 14:11:05.729,5.37103,5.37252,1.13,3.45
2011.06.01 14:11:06.798,5.37107,5.37252,1.50,3.45
2011.06.01 14:11:07.889,5.37098,5.37252,1.50,3.45
2011.06.01 14:11:09.010,5.37108,5.37252,1.50,1.20
2011.06.01 14:11:10.330,5.37097,5.37252,2.25,1.20
2011.06.01 14:11:10.549,5.37078,5.37232,3.00,3.22
2011.06.01 14:11:11.443,5.37068,5.37222,3.00,3.22
2011.06.01 14:11:12.000,5.37058,5.37212,2.25,3.00
2011.06.01 14:11:12.607,5.37047,5.372,2.63,1.57
2011.06.01 14:11:12.727,5.37047,5.37193,3.00,3.22
2011.06.01 14:11:13.769,5.37047,5.37193,3.00,3.22
2011.06.01 14:11:14.291,5.37048,5.37203,1.50,3.22
2011.06.01 14:11:14.398,5.37048,5.37203,1.50,3.22
2011.06.01 14:11:15.508,5.37058,5.37212,3.00,3.22
2011.06.01 14:11:16.419,5.37058,5.37212,3.00,3.22
2011.06.01 14:11:16.641,5.37058,5.37212,3.00,3.22
2011.06.01 14:11:17.506,5.37058,5.37212,3.00,3.22
2011.06.01 14:11:17.624,5.37108,5.37252,3.00,3.22
2011.06.01 14:11:17.739,5.37098,5.37237,3.00,1.59
2011.06.01 14:11:18.069,5.37087,5.37223,1.13,3.22
2011.06.01 14:11:18.620,5.37082,5.37223,1.13,3.22
2011.06.01 14:11:18.730,5.37078,5.37222,3.38,3.22
2011.06.01 14:11:20.864,5.37068,5.37212,1.50,3.00
2011.06.01 14:11:21.200,5.37088,5.37223,3.75,1.20
2011.06.01 14:11:21.880,5.37098,5.37237,1.50,1.57
2011.06.01 14:11:22.539,5.37088,5.37243,1.50,3.45
2011.06.01 14:11:22.652,5.37093,5.37223,1.13,3.22
2011.06.01 14:11:22.770,5.37098,5.37223,1.50,2.47
2011.06.01 14:11:22.990,5.37128,5.37242,1.50,2.47
2011.06.01 14:11:23.667,5.37138,5.37242,1.13,2.25
2011.06.01 14:11:23.774,5.37147,5.37293,1.13,3.22
2011.06.01 14:11:23.998,5.37151,5.37282,1.13,3.00
2011.06.01 14:11:24.109,5.37157,5.37282,1.50,2.63
2011.06.01 14:11:24.659,5.37169,5.37303,1.13,3.22
2011.06.01 14:11:24.989,5.37184,5.37313,1.13,3.22
2011.06.01 14:11:25.539,5.37184,5.37313,1.13,3.22
2011.06.01 14:11:25.759,5.37206,5.37332,1.13,3.22
2011.06.01 14:11:25.869,5.37218,5.37342,1.13,3.22
2011.06.01 14:11:26.508,5.37199,5.37333,1.13,3.22
2011.06.01 14:11:26.625,5.3721,5.37342,1.13,3.22
2011.06.01 14:11:27.948,5.37224,5.37353,1.13,3.22
2011.06.01 14:11:28.061,5.37224,5.37353,1.13,3.22
2011.06.01 14:11:28.933,5.37224,5.37362,1.13,3.22
2011.06.01 14:11:29.048,5.37234,5.37362,1.13,3.22
2011.06.01 14:11:29.380,5.37249,5.37363,1.13,2.85
2011.06.01 14:11:30.066,5.37249,5.37383,1.13,3.45
2011.06.01 14:11:30.509,5.37249,5.3739,1.13,1.20
2011.06.01 14:11:30.622,5.37249,5.37382,1.13,3.22
2011.06.01 14:11:30.910,5.37249,5.37382,1.13,3.22
2011.06.01 14:11:31.427,5.37249,5.37382,1.13,3.22
2011.06.01 14:11:31.868,5.37256,5.37382,1.13,3.22
2011.06.01 14:11:32.277,5.37256,5.37382,1.13,3.22
2011.06.01 14:11:34.146,5.37256,5.37383,1.13,3.22
2011.06.01 14:11:34.266,5.37237,5.37378,2.25,1.57
2011.06.01 14:11:34.384,5.37218,5.37372,2.63,3.22
2011.06.01 14:11:34.503,5.37208,5.37342,1.13,3.00
2011.06.01 14:11:34.624,5.37217,5.37353,1.50,3.00
2011.06.01 14:11:35.509,5.37238,5.37342,1.50,2.25
2011.06.01 14:11:35.733,5.37238,5.37373,1.50,3.22
2011.06.01 14:11:35.851,5.37229,5.37362,1.13,3.22
2011.06.01 14:11:36.179,5.37205,5.37333,1.13,3.22
2011.06.01 14:11:36.399,5.37205,5.37333,1.13,3.22
2011.06.01 14:11:36.509,5.37205,5.37342,1.13,3.22
2011.06.01 14:11:36.729,5.37197,5.37332,1.50,3.22
2011.06.01 14:11:37.742,5.37195,5.37323,1.13,3.00
2011.06.01 14:11:37.851,5.37188,5.37323,1.50,3.00
2011.06.01 14:11:37.959,5.37178,5.37312,1.50,3.00
2011.06.01 14:11:39.069,5.37167,5.37312,1.50,3.22
2011.06.01 14:11:39.514,5.37167,5.37312,1.50,2.47
2011.06.01 14:11:40.851,5.37172,5.37312,1.13,3.22
2011.06.01 14:11:40.968,5.37168,5.37303,1.13,3.00
2011.06.01 14:11:41.493,5.37172,5.37303,1.13,3.00
2011.06.01 14:11:41.614,5.37168,5.37313,1.50,3.22
2011.06.01 14:11:41.840,5.37197,5.37323,1.50,3.08
2011.06.01 14:11:41.952,5.37208,5.37323,1.13,2.63
2011.06.01 14:11:42.290,5.3721,5.37342,1.13,3.00
2011.06.01 14:11:42.508,5.37218,5.37352,1.13,3.24
2011.06.01 14:11:42.840,5.37222,5.37353,1.13,3.22
2011.06.01 14:11:42.949,5.37205,5.37332,1.13,3.00
2011.06.01 14:11:43.501,5.37205,5.37332,1.13,3.00
2011.06.01 14:11:43.830,5.37224,5.37352,1.13,3.00
2011.06.01 14:11:44.158,5.37224,5.37352,1.13,3.00
2011.06.01 14:11:44.811,5.37204,5.37352,1.13,3.00
2011.06.01 14:11:45.040,5.37245,5.37352,1.13,2.25
2011.06.01 14:11:45.646,5.37245,5.37332,1.13,2.25
2011.06.01 14:11:45.764,5.37264,5.37382,1.13,3.22
2011.06.01 14:11:45.879,5.37243,5.37382,1.13,3.22
2011.06.01 14:11:47.175,5.37243,5.37373,1.13,3.00
2011.06.01 14:11:47.441,5.37243,5.37373,1.13,3.00
2011.06.01 14:11:47.658,5.37237,5.37373,1.13,3.00
2011.06.01 14:11:48.322,5.37237,5.37373,1.13,3.00
2011.06.01 14:11:48.439,5.37237,5.37373,1.13,3.00
2011.06.01 14:11:49.180,5.37237,5.37373,1.13,3.00
2011.06.01 14:11:49.402,5.37257,5.37363,1.13,2.25
2011.06.01 14:11:49.520,5.37236,5.37363,1.13,3.00
2011.06.01 14:11:49.850,5.37236,5.37372,1.13,3.00
2011.06.01 14:11:50.338,5.37256,5.37372,1.13,2.63
2011.06.01 14:11:50.558,5.37256,5.37382,1.13,3.22
2011.06.01 14:11:51.220,5.37256,5.374,1.13,1.20
2011.06.01 14:11:51.659,5.37268,5.37392,1.13,3.22
2011.06.01 14:11:52.321,5.37268,5.37402,1.13,3.22
2011.06.01 14:11:53.334,5.3728,5.37412,1.13,3.22
2011.06.01 14:11:53.562,5.37294,5.37412,1.13,3.00
2011.06.01 14:11:53.790,5.37308,5.37423,1.13,3.08
2011.06.01 14:11:53.903,5.37311,5.37426,1.13,1.20
2011.06.01 14:11:54.239,5.37338,5.37453,1.13,2.63
2011.06.01 14:11:55.009,5.37338,5.37473,1.13,3.22
2011.06.01 14:11:56.264,5.37369,5.37493,1.13,1.20
2011.06.01 14:11:56.364,5.37392,5.37523,1.13,3.22
2011.06.01 14:11:56.703,5.37415,5.37531,1.13,1.20
2011.06.01 14:11:56.819,5.37415,5.37538,1.13,1.20
2011.06.01 14:11:56.930,5.37426,5.37542,1.13,3.22
2011.06.01 14:11:57.041,5.37426,5.37561,1.13,1.20
2011.06.01 14:11:57.481,5.37426,5.37553,1.13,3.22
2011.06.01 14:11:58.998,5.37352,5.37493,1.13,3.22
2011.06.01 14:11:59.109,5.37352,5.37482,1.13,3.00
2011.06.01 14:12:00.158,5.3735,5.37472,1.13,3.00
2011.06.01 14:12:00.269,5.3735,5.37482,1.13,3.00
2011.06.01 14:12:00.822,5.37371,5.37482,1.13,2.63
2011.06.01 14:12:00.942,5.37377,5.37482,1.50,2.25
2011.06.01 14:12:01.280,5.37386,5.37512,1.13,3.22
2011.06.01 14:12:01.956,5.37417,5.37532,1.13,2.63
2011.06.01 14:12:02.179,5.37417,5.37542,1.13,3.22
2011.06.01 14:12:02.399,5.374,5.37542,1.13,3.22
2011.06.01 14:12:02.728,5.37425,5.37532,1.13,2.25
2011.06.01 14:12:02.842,5.37441,5.37542,1.13,2.25
2011.06.01 14:12:03.178,5.37441,5.37572,1.13,3.22
2011.06.01 14:12:03.510,5.37441,5.37572,1.13,3.22
2011.06.01 14:12:03.839,5.37472,5.37593,1.13,3.00
2011.06.01 14:12:04.889,5.37472,5.37602,1.13,3.00
2011.06.01 14:12:05.218,5.37472,5.37612,1.13,3.45
2011.06.01 14:12:05.769,5.37477,5.37602,1.13,3.00
2011.06.01 14:12:06.099,5.3745,5.37582,1.13,3.00
2011.06.01 14:12:06.319,5.3745,5.37582,1.13,3.00
2011.06.01 14:12:06.429,5.37439,5.37572,1.13,3.00
2011.06.01 14:12:06.760,5.37567,5.37582,1.13,2.25
2011.06.01 14:12:06.871,5.3755,5.37582,1.13,2.25
2011.06.01 14:12:07.498,5.3755,5.37662,1.13,4.13
2011.06.01 14:12:07.613,5.3755,5.37683,1.13,3.22
2011.06.01 14:12:07.728,5.3755,5.37683,1.13,3.22
2011.06.01 14:12:08.071,5.37534,5.37673,1.13,3.00
2011.06.01 14:12:08.508,5.37534,5.37673,1.13,3.00
2011.06.01 14:12:08.729,5.37534,5.37673,1.13,3.00
2011.06.01 14:12:08.840,5.37546,5.37683,1.13,3.45
2011.06.01 14:12:09.063,5.37546,5.37683,1.13,3.22
2011.06.01 14:12:09.289,5.37546,5.37672,1.13,3.00
2011.06.01 14:12:09.398,5.37546,5.37672,1.13,3.00
2011.06.01 14:12:09.838,5.37545,5.37683,1.13,3.22
2011.06.01 14:12:09.950,5.37557,5.37683,1.13,3.22
2011.06.01 14:12:10.820,5.37557,5.37683,1.13,3.22
2011.06.01 14:12:11.260,5.37539,5.37683,1.13,3.22
2011.06.01 14:12:11.370,5.37528,5.37669,3.00,1.35
2011.06.01 14:12:11.702,5.37536,5.37663,1.13,3.00
2011.06.01 14:12:11.821,5.37546,5.37673,1.13,3.00
2011.06.01 14:12:12.148,5.37546,5.37672,1.13,3.00
2011.06.01 14:12:12.258,5.37546,5.37672,1.13,3.00
2011.06.01 14:12:12.369,5.37528,5.37672,3.38,3.00
2011.06.01 14:12:12.588,5.37548,5.37663,1.50,2.25
2011.06.01 14:12:12.918,5.37542,5.37698,1.13,1.20
2011.06.01 14:12:13.648,5.37542,5.37698,1.13,1.20
2011.06.01 14:12:13.761,5.37542,5.3769,1.13,1.20
2011.06.01 14:12:14.013,5.37542,5.3769,1.13,1.20
2011.06.01 14:12:14.127,5.37542,5.3769,1.13,1.20
2011.06.01 14:12:14.460,5.37548,5.3769,1.13,1.20
2011.06.01 14:12:14.901,5.37548,5.37682,1.13,3.24
2011.06.01 14:12:15.008,5.37531,5.37663,1.13,3.00
2011.06.01 14:12:15.340,5.37531,5.37662,1.13,3.00
2011.06.01 14:12:15.780,5.37545,5.37672,1.13,3.00
2011.06.01 14:12:16.342,5.37551,5.37683,1.13,3.22
2011.06.01 14:12:16.680,5.37551,5.37683,1.13,3.22
2011.06.01 14:12:17.277,5.37551,5.37683,1.13,3.22
2011.06.01 14:12:17.612,5.37547,5.37683,1.13,3.22
2011.06.01 14:12:17.951,5.37559,5.37683,1.13,3.22
2011.06.01 14:12:18.060,5.37559,5.37693,1.13,3.22
2011.06.01 14:12:18.391,5.37568,5.37712,3.00,3.00
2011.06.01 14:12:18.500,5.37587,5.37712,1.13,3.00
2011.06.01 14:12:18.612,5.37575,5.37712,1.13,3.00
2011.06.01 14:12:18.842,5.37578,5.37713,1.13,3.00
2011.06.01 14:12:18.959,5.37578,5.37713,1.13,3.00
2011.06.01 14:12:19.288,5.37578,5.37713,1.13,3.00
2011.06.01 14:12:19.507,5.37578,5.37703,1.13,3.00
2011.06.01 14:12:20.189,5.37578,5.37712,1.13,3.24
2011.06.01 14:12:20.408,5.37578,5.37712,1.13,3.24
2011.06.01 14:12:20.739,5.37573,5.37712,1.13,3.24
2011.06.01 14:12:22.679,5.37574,5.37712,1.13,3.00
2011.06.01 14:12:22.788,5.37558,5.37712,3.00,3.00
2011.06.01 14:12:22.899,5.37558,5.37712,3.00,3.00
2011.06.01 14:12:23.009,5.37561,5.37712,1.13,3.00
2011.06.01 14:12:23.340,5.37578,5.37703,1.13,3.00
2011.06.01 14:12:23.968,5.37567,5.37703,1.13,3.22
2011.06.01 14:12:24.310,5.37579,5.37722,1.13,3.22
2011.06.01 14:12:24.859,5.37574,5.37713,1.13,3.00
2011.06.01 14:12:24.972,5.37574,5.37702,1.13,3.00
2011.06.01 14:12:25.310,5.37574,5.37702,1.13,3.00
2011.06.01 14:12:25.539,5.376,5.37702,1.13,2.25
2011.06.01 14:12:25.869,5.37587,5.37729,3.00,1.20
2011.06.01 14:12:25.980,5.37581,5.37702,1.13,3.00
2011.06.01 14:12:26.087,5.37581,5.37683,1.13,2.25
2011.06.01 14:12:26.199,5.37581,5.37702,1.13,3.00
2011.06.01 14:12:28.017,5.37585,5.37712,1.13,3.00
2011.06.01 14:12:28.582,5.376,5.37722,1.13,3.22
2011.06.01 14:12:28.920,5.37626,5.37722,1.13,2.47
2011.06.01 14:12:29.029,5.37626,5.37733,1.13,2.25
2011.06.01 14:12:29.141,5.37626,5.37752,1.13,3.12
2011.06.01 14:12:29.469,5.37626,5.37752,1.13,3.00
2011.06.01 14:12:30.479,5.3764,5.37762,1.13,3.00
2011.06.01 14:12:30.590,5.3764,5.37762,1.13,3.00
2011.06.01 14:12:31.321,5.3764,5.37762,1.13,3.00
2011.06.01 14:12:31.648,5.37641,5.37773,1.13,3.00
2011.06.01 14:12:31.868,5.37641,5.37762,1.13,3.00
2011.06.01 14:12:31.978,5.37631,5.37762,1.13,3.00
2011.06.01 14:12:32.308,5.37619,5.37742,1.13,3.00
2011.06.01 14:12:33.307,5.37619,5.37743,1.13,3.00
2011.06.01 14:12:33.417,5.37619,5.37743,1.13,3.00
2011.06.01 14:12:33.530,5.37617,5.37743,1.13,3.00
2011.06.01 14:12:33.859,5.37617,5.37742,1.13,3.00
2011.06.01 14:12:34.559,5.3762,5.37742,1.13,3.00
2011.06.01 14:12:35.694,5.3762,5.37742,1.13,3.00
2011.06.01 14:12:36.051,5.37622,5.37743,1.13,3.00
2011.06.01 14:12:36.500,5.37648,5.37743,1.50,2.25
2011.06.01 14:12:36.610,5.37657,5.37803,3.00,3.24
2011.06.01 14:12:36.721,5.37667,5.37803,1.50,2.25
2011.06.01 14:12:36.940,5.37688,5.37831,3.75,1.09
2011.06.01 14:12:37.050,5.37718,5.37841,3.00,1.44
2011.06.01 14:12:37.159,5.37718,5.37841,3.00,1.06
2011.06.01 14:12:37.270,5.37718,5.37862,3.00,3.00
2011.06.01 14:12:38.647,5.37708,5.37842,3.00,3.00
2011.06.01 14:12:39.338,5.37698,5.37815,2.63,1.13
2011.06.01 14:12:39.669,5.37687,5.37811,1.50,1.13
2011.06.01 14:12:39.780,5.37698,5.37822,1.88,2.25
2011.06.01 14:12:40.001,5.37718,5.37857,2.25,1.13
2011.06.01 14:12:40.110,5.37707,5.37857,2.25,1.13
2011.06.01 14:12:40.329,5.37707,5.37857,2.25,1.13
2011.06.01 14:12:40.437,5.37689,5.37852,1.50,2.25
2011.06.01 14:12:40.550,5.37697,5.37852,1.50,2.25
2011.06.01 14:12:40.880,5.37696,5.37852,1.13,3.00
2011.06.01 14:12:41.429,5.37696,5.37852,1.13,3.00
2011.06.01 14:12:41.759,5.37692,5.37843,1.50,3.00
2011.06.01 14:12:41.982,5.37692,5.37843,1.50,3.00
2011.06.01 14:12:42.098,5.37692,5.37843,1.50,3.00
2011.06.01 14:12:42.812,5.37684,5.37842,1.35,3.00
2011.06.01 14:12:42.929,5.37684,5.37822,1.35,2.25
2011.06.01 14:12:43.150,5.37684,5.37823,1.35,3.00
2011.06.01 14:12:43.478,5.37665,5.37812,1.13,3.00
2011.06.01 14:12:44.028,5.37653,5.37812,1.50,3.38
2011.06.01 14:12:44.140,5.37653,5.37792,1.50,2.25
2011.06.01 14:12:44.361,5.3765,5.37792,1.35,1.13
2011.06.01 14:12:44.469,5.3765,5.37792,1.35,1.13
2011.06.01 14:12:44.580,5.37636,5.37782,1.50,2.63
2011.06.01 14:12:44.690,5.37636,5.37773,1.50,2.25
2011.06.01 14:12:45.018,5.37618,5.37772,1.13,3.00
2011.06.01 14:12:45.764,5.37592,5.37742,1.50,2.47
2011.06.01 14:12:45.882,5.37592,5.37742,1.50,2.47
2011.06.01 14:12:46.220,5.37617,5.37742,1.50,3.22
2011.06.01 14:12:46.549,5.37646,5.37811,1.35,4.50
2011.06.01 14:12:46.878,5.37646,5.37801,1.35,1.13
2011.06.01 14:12:46.989,5.37646,5.37801,1.35,1.13
2011.06.01 14:12:47.209,5.37646,5.37801,1.35,1.13
2011.06.01 14:12:47.319,5.37634,5.37788,1.50,1.13
2011.06.01 14:12:47.540,5.37634,5.37788,1.50,1.35
2011.06.01 14:12:47.649,5.37628,5.37788,1.13,1.35
2011.06.01 14:12:48.451,5.37628,5.37782,1.13,3.22
2011.06.01 14:12:48.999,5.3763,5.37789,1.13,1.35
2011.06.01 14:12:49.218,5.3763,5.37783,1.13,3.22
2011.06.01 14:12:49.548,5.3763,5.37783,1.13,3.22
2011.06.01 14:12:49.658,5.3763,5.37783,1.13,3.22
2011.06.01 14:12:49.880,5.37627,5.37773,3.00,3.00
2011.06.01 14:12:49.991,5.37627,5.37773,3.00,3.75
2011.06.01 14:12:50.210,5.37607,5.37741,3.00,1.50
2011.06.01 14:12:50.318,5.376,5.37733,1.13,3.00
2011.06.01 14:12:50.431,5.376,5.37728,1.13,1.13
2011.06.01 14:12:50.870,5.376,5.37728,1.13,1.13
2011.06.01 14:12:51.199,5.376,5.37728,1.13,1.13
2011.06.01 14:12:51.419,5.37594,5.37735,1.13,1.13
2011.06.01 14:12:51.638,5.37594,5.37732,1.13,3.00
2011.06.01 14:12:52.412,5.37619,5.37743,1.13,1.13
2011.06.01 14:12:52.526,5.37601,5.37725,1.13,1.13
2011.06.01 14:12:52.641,5.37601,5.37722,1.13,3.00
2011.06.01 14:12:52.969,5.37582,5.37706,1.13,1.13
2011.06.01 14:12:53.078,5.37582,5.37706,1.13,1.13
2011.06.01 14:12:53.188,5.37582,5.37706,1.13,1.13
2011.06.01 14:12:53.519,5.37578,5.37702,3.00,1.50
2011.06.01 14:12:53.633,5.37578,5.37694,3.00,1.50
2011.06.01 14:12:53.861,5.37569,5.37693,1.13,3.60
2011.06.01 14:12:54.191,5.3755,5.37692,1.13,3.97
2011.06.01 14:12:54.809,5.3755,5.37679,1.13,1.50
2011.06.01 14:12:55.038,5.3755,5.37679,1.13,1.50
2011.06.01 14:12:55.149,5.37569,5.37693,1.13,3.60
2011.06.01 14:12:55.371,5.37558,5.37679,3.00,1.50
2011.06.01 14:12:55.591,5.37537,5.37679,3.00,1.50
2011.06.01 14:12:56.265,5.37522,5.37653,1.13,3.00
2011.06.01 14:12:56.379,5.37522,5.37653,1.13,3.00
2011.06.01 14:12:56.539,5.37518,5.37653,1.13,3.00
2011.06.01 14:12:56.868,5.37507,5.3765,3.00,1.50
2011.06.01 14:12:57.311,5.37524,5.37622,1.13,2.25
2011.06.01 14:12:57.430,5.37518,5.37639,2.25,1.50
2011.06.01 14:12:57.758,5.37497,5.37606,1.13,1.13
2011.06.01 14:12:58.089,5.37514,5.37623,1.13,1.13
2011.06.01 14:12:58.419,5.3753,5.37639,1.13,1.13
2011.06.01 14:12:58.529,5.3753,5.37639,1.13,1.13
2011.06.01 14:12:58.858,5.3753,5.37639,1.13,1.13
2011.06.01 14:12:59.078,5.3753,5.37657,1.13,1.72
2011.06.01 14:12:59.766,5.37491,5.37647,1.13,1.50
2011.06.01 14:13:00.318,5.37491,5.37637,1.13,1.72
2011.06.01 14:13:01.518,5.37497,5.37623,1.13,3.22
2011.06.01 14:13:01.738,5.37517,5.37643,1.50,1.20
2011.06.01 14:13:01.959,5.37498,5.37643,3.00,1.20
2011.06.01 14:13:02.068,5.37494,5.37632,1.13,2.25
2011.06.01 14:13:02.178,5.37494,5.37632,1.13,2.47
2011.06.01 14:13:02.508,5.37494,5.37632,1.13,2.47
2011.06.01 14:13:03.231,5.37474,5.37625,1.13,1.20
2011.06.01 14:13:03.344,5.37468,5.37613,1.50,3.00
2011.06.01 14:13:03.958,5.37467,5.37613,3.00,3.00
2011.06.01 14:13:04.289,5.37448,5.37593,1.50,2.25
2011.06.01 14:13:04.730,5.37468,5.37602,1.50,3.00
2011.06.01 14:13:04.838,5.37468,5.37602,1.50,3.22
2011.06.01 14:13:05.168,5.37473,5.37613,1.13,3.45
2011.06.01 14:13:05.829,5.37467,5.37603,1.50,3.22
2011.06.01 14:13:05.940,5.37447,5.37593,2.25,3.22
2011.06.01 14:13:06.049,5.37437,5.37563,1.50,3.00
2011.06.01 14:13:06.815,5.37438,5.37572,1.50,3.22
2011.06.01 14:13:08.099,5.37428,5.37563,1.50,2.47
2011.06.01 14:13:08.541,5.37458,5.37592,3.00,2.25
2011.06.01 14:13:08.652,5.37458,5.37592,2.63,3.00
2011.06.01 14:13:09.089,5.37438,5.37572,3.00,2.25
2011.06.01 14:13:09.752,5.37438,5.37572,3.75,2.25
2011.06.01 14:13:09.860,5.37438,5.37583,1.50,2.63
2011.06.01 14:13:10.730,5.37438,5.37599,1.50,1.59
2011.06.01 14:13:11.060,5.37478,5.37623,3.00,1.28
2011.06.01 14:13:11.612,5.37443,5.37583,1.50,2.47
2011.06.01 14:13:11.831,5.37427,5.37583,1.50,3.22
2011.06.01 14:13:12.620,5.37458,5.37592,1.13,3.45
2011.06.01 14:13:13.412,5.37458,5.37603,1.50,3.08
2011.06.01 14:13:13.634,5.37488,5.37622,1.50,1.05
2011.06.01 14:13:14.255,5.37498,5.3764,1.50,1.35
2011.06.01 14:13:15.250,5.37507,5.37643,1.50,3.22
2011.06.01 14:13:15.803,5.37517,5.37657,1.50,1.05
2011.06.01 14:13:17.810,5.37538,5.37679,3.00,1.44
2011.06.01 14:13:17.921,5.37538,5.37679,3.00,1.46
2011.06.01 14:13:18.140,5.37528,5.37673,3.75,1.05
2011.06.01 14:13:18.690,5.37537,5.37672,1.50,2.25
2011.06.01 14:13:18.799,5.37538,5.37672,1.50,3.00
2011.06.01 14:13:19.461,5.37547,5.37672,1.50,2.25
2011.06.01 14:13:19.788,5.37538,5.37673,1.50,3.22
2011.06.01 14:13:20.969,5.37518,5.37663,1.50,3.22
2011.06.01 14:13:21.088,5.37517,5.37652,2.25,1.05
2011.06.01 14:13:21.202,5.37505,5.37632,1.50,3.00
2011.06.01 14:13:22.070,5.37498,5.37632,1.50,2.63
2011.06.01 14:13:22.400,5.37496,5.37633,1.13,3.22
2011.06.01 14:13:22.620,5.37478,5.37632,3.00,3.22
2011.06.01 14:13:22.729,5.37478,5.37632,3.00,3.22
2011.06.01 14:13:22.953,5.37468,5.37622,3.75,3.00
2011.06.01 14:13:23.510,5.37488,5.37622,1.50,2.25
2011.06.01 14:13:23.730,5.37498,5.37642,3.00,3.00
2011.06.01 14:13:24.914,5.37548,5.37672,1.50,2.49
2011.06.01 14:13:25.021,5.37567,5.37672,1.13,2.25
2011.06.01 14:13:25.130,5.37558,5.37732,1.50,1.06
2011.06.01 14:13:25.459,5.37538,5.37713,1.50,1.20
2011.06.01 14:13:25.569,5.37545,5.37713,1.13,1.20
2011.06.01 14:13:25.680,5.37538,5.37713,1.50,1.20
2011.06.01 14:13:25.790,5.37548,5.37692,3.75,2.25
2011.06.01 14:13:25.901,5.37557,5.37703,3.00,2.49
2011.06.01 14:13:26.013,5.37558,5.37712,3.00,2.49
2011.06.01 14:13:26.129,5.37565,5.37712,1.13,2.49
2011.06.01 14:13:26.239,5.37565,5.37712,1.13,2.49
2011.06.01 14:13:26.459,5.37565,5.37712,1.13,2.73
