2012.12.17 12:00:00.280,5.60584,5.60629,2.48,2.25
2012.12.17 12:00:07.782,5.60604,5.60643,1.58,1.35
2012.12.17 12:00:08.140,5.60622,5.60653,2.40,1.08
2012.12.17 12:00:09.210,5.60583,5.60649,2.33,2.25
2012.12.17 12:00:09.331,5.60583,5.60649,2.33,2.86
2012.12.17 12:00:11.403,5.60583,5.60618,2.33,2.03
2012.12.17 12:00:11.590,5.60553,5.60618,1.58,2.64
2012.12.17 12:00:14.021,5.60575,5.60618,2.70,2.64
2012.12.17 12:00:14.150,5.60554,5.60618,2.10,2.64
2012.12.17 12:00:14.875,5.60554,5.60618,2.10,2.03
2012.12.17 12:00:14.999,5.60584,5.60618,1.65,2.03
2012.12.17 12:00:15.060,5.60584,5.60642,1.65,2.77
2012.12.17 12:00:15.654,5.60583,5.60642,1.58,2.77
2012.12.17 12:00:16.754,5.60599,5.60642,2.63,2.77
2012.12.17 12:00:16.880,5.60583,5.60642,2.40,2.77
2012.12.17 12:00:26.124,5.60583,5.60642,2.40,2.03
2012.12.17 12:00:26.194,5.60609,5.60642,2.03,2.03
2012.12.17 12:00:26.320,5.60613,5.60666,2.03,2.25
2012.12.17 12:00:28.089,5.60613,5.60677,2.03,1.36
2012.12.17 12:00:28.390,5.60577,5.60606,2.78,2.03
2012.12.17 12:00:28.592,5.60568,5.60602,2.10,2.03
2012.12.17 12:00:29.252,5.60567,5.60602,1.58,2.03
2012.12.17 12:00:31.969,5.60567,5.60611,1.58,2.03
2012.12.17 12:00:33.030,5.60577,5.60611,2.10,2.03
2012.12.17 12:00:35.967,5.60571,5.60611,2.70,2.03
2012.12.17 12:00:36.030,5.60561,5.60596,1.20,2.55
2012.12.17 12:00:36.781,5.60538,5.60572,1.65,2.03
2012.12.17 12:00:36.960,5.60517,5.60583,1.43,1.88
2012.12.17 12:00:37.020,5.60517,5.60549,1.43,2.85
2012.12.17 12:00:37.080,5.60507,5.60549,1.88,2.85
2012.12.17 12:00:37.333,5.60507,5.60542,1.88,1.50
2012.12.17 12:00:37.660,5.60507,5.60531,1.88,1.80
2012.12.17 12:00:40.351,5.60507,5.6054,1.88,1.73
2012.12.17 12:00:43.155,5.60507,5.60596,1.88,2.03
2012.12.17 12:00:43.692,5.60521,5.60596,1.88,2.03
2012.12.17 12:00:43.751,5.60513,5.60622,2.78,2.25
2012.12.17 12:00:43.993,5.60513,5.60622,2.78,3.00
2012.12.17 12:00:44.522,5.60508,5.60599,2.10,2.03
2012.12.17 12:00:45.021,5.60495,5.60599,1.88,2.03
2012.12.17 12:00:52.623,5.60507,5.60599,2.93,2.03
2012.12.17 12:00:52.691,5.60514,5.60622,2.78,2.25
2012.12.17 12:00:53.310,5.60528,5.60623,1.88,4.73
2012.12.17 12:00:53.371,5.60528,5.60623,1.88,4.28
2012.12.17 12:00:53.431,5.60514,5.60612,2.78,1.31
2012.12.17 12:00:53.620,5.60514,5.60623,2.78,4.50
2012.12.17 12:00:53.740,5.60522,5.60623,1.65,4.50
2012.12.17 12:00:54.183,5.60522,5.60599,1.65,2.03
2012.12.17 12:00:54.851,5.60522,5.60544,1.65,2.03
2012.12.17 12:00:54.999,5.60522,5.60568,1.65,2.03
2012.12.17 12:00:55.843,5.60522,5.6059,1.65,2.03
2012.12.17 12:00:55.910,5.60522,5.60602,1.65,2.03
2012.12.17 12:01:11.400,5.60522,5.60576,1.65,2.03
2012.12.17 12:01:11.522,5.6051,5.60576,1.88,2.03
2012.12.17 12:01:12.490,5.60502,5.60576,1.95,2.03
2012.12.17 12:01:12.552,5.60502,5.60576,1.95,2.25
2012.12.17 12:01:12.760,5.6049,5.60576,2.25,2.25
2012.12.17 12:01:12.822,5.60482,5.60572,1.65,1.24
2012.12.17 12:01:13.323,5.60481,5.60552,1.80,2.25
2012.12.17 12:01:14.690,5.60495,5.60552,2.93,2.03
2012.12.17 12:01:15.223,5.60494,5.60552,1.88,2.03
2012.12.17 12:01:19.629,5.60494,5.60577,1.88,2.03
2012.12.17 12:01:21.431,5.60506,5.60577,2.85,2.03
2012.12.17 12:01:21.550,5.60491,5.60577,2.78,2.03
2012.12.17 12:01:24.958,5.60484,5.60577,2.18,2.03
2012.12.17 12:01:30.490,5.60496,5.60577,2.40,2.03
2012.12.17 12:01:31.032,5.60508,5.60577,2.78,2.03
2012.12.17 12:01:32.811,5.60546,5.60577,3.53,2.03
2012.12.17 12:01:35.720,5.60557,5.60612,1.73,1.13
2012.12.17 12:01:35.840,5.60557,5.60582,1.73,2.03
2012.12.17 12:01:36.442,5.60539,5.60582,2.03,2.25
2012.12.17 12:01:36.652,5.60532,5.60582,2.55,2.25
2012.12.17 12:01:36.721,5.60532,5.6056,2.55,2.03
2012.12.17 12:01:36.780,5.60524,5.60567,2.55,2.03
2012.12.17 12:01:38.280,5.60531,5.60567,2.33,2.03
2012.12.17 12:01:38.500,5.60514,5.60567,2.70,2.03
2012.12.17 12:01:40.470,5.60514,5.6059,2.70,4.80
2012.12.17 12:01:40.531,5.60514,5.6059,2.70,2.03
2012.12.17 12:01:41.892,5.605,5.60568,1.65,2.03
2012.12.17 12:01:42.403,5.60492,5.60568,2.85,2.78
2012.12.17 12:01:43.007,5.60493,5.60568,2.93,2.78
2012.12.17 12:01:44.822,5.60493,5.60565,2.93,2.03
2012.12.17 12:01:44.880,5.60493,5.60568,2.93,2.03
2012.12.17 12:01:44.940,5.605,5.60568,2.63,2.03
2012.12.17 12:01:45.308,5.605,5.60574,2.63,2.25
2012.12.17 12:01:45.625,5.605,5.60574,2.63,3.00
2012.12.17 12:01:50.180,5.60467,5.60574,2.03,3.00
2012.12.17 12:01:50.240,5.60467,5.6057,2.03,2.18
2012.12.17 12:01:50.769,5.60444,5.60547,2.03,2.03
2012.12.17 12:01:50.831,5.6044,5.60547,2.03,2.03
2012.12.17 12:01:51.470,5.60425,5.60524,2.85,2.03
2012.12.17 12:01:51.539,5.60417,5.60524,3.00,2.03
2012.12.17 12:02:00.441,5.60417,5.60524,3.00,2.03
2012.12.17 12:02:00.621,5.60417,5.60524,2.78,2.25
2012.12.17 12:02:01.788,5.60441,5.60542,2.03,1.13
2012.12.17 12:02:02.143,5.60418,5.60525,2.03,2.25
2012.12.17 12:02:02.502,5.60396,5.60503,2.03,2.03
2012.12.17 12:02:17.625,5.60373,5.60482,2.03,2.03
2012.12.17 12:02:21.780,5.60373,5.60482,2.78,2.03
2012.12.17 12:02:21.841,5.60373,5.60482,2.03,2.03
2012.12.17 12:02:22.203,5.604,5.60507,2.03,2.78
2012.12.17 12:02:22.549,5.604,5.60474,2.03,2.40
2012.12.17 12:02:22.683,5.60375,5.60474,2.25,2.40
2012.12.17 12:02:22.741,5.6038,5.60474,2.03,2.40
2012.12.17 12:02:23.100,5.60404,5.60495,2.03,1.23
2012.12.17 12:02:24.231,5.60381,5.6049,2.03,2.63
2012.12.17 12:02:24.629,5.60388,5.6049,1.31,2.03
2012.12.17 12:02:24.706,5.60406,5.60502,2.25,1.54
2012.12.17 12:02:29.950,5.60394,5.60486,1.52,2.03
2012.12.17 12:02:33.370,5.60388,5.60486,1.31,2.40
2012.12.17 12:02:33.550,5.60377,5.60474,2.03,1.35
2012.12.17 12:02:34.180,5.60357,5.60461,1.20,2.03
2012.12.17 12:02:36.010,5.60375,5.60482,2.03,3.00
2012.12.17 12:02:43.420,5.60388,5.60482,1.11,2.03
2012.12.17 12:02:50.301,5.60375,5.60482,3.00,2.84
2012.12.17 12:02:50.370,5.60375,5.60482,2.25,2.84
2012.12.17 12:02:54.354,5.60375,5.60482,2.25,3.21
2012.12.17 12:02:55.051,5.60375,5.60482,2.25,3.59
2012.12.17 12:02:58.152,5.60367,5.60449,1.29,2.03
2012.12.17 12:02:59.382,5.6035,5.60423,1.35,2.03
2012.12.17 12:03:02.616,5.60362,5.60423,1.23,2.03
2012.12.17 12:03:03.041,5.60368,5.60453,1.61,2.03
2012.12.17 12:03:03.531,5.60371,5.60453,1.65,2.03
2012.12.17 12:03:13.721,5.60366,5.60432,3.15,2.03
2012.12.17 12:03:14.293,5.60358,5.60432,1.47,2.03
2012.12.17 12:03:17.672,5.60337,5.60432,1.14,2.03
2012.12.17 12:03:18.262,5.60334,5.60407,1.14,2.03
2012.12.17 12:03:18.395,5.60318,5.60407,1.32,2.03
2012.12.17 12:03:18.464,5.60315,5.60407,1.32,2.03
2012.12.17 12:03:18.532,5.60307,5.60381,1.54,2.03
2012.12.17 12:03:20.131,5.60314,5.60406,1.32,2.03
2012.12.17 12:03:21.541,5.60317,5.60406,1.35,2.03
2012.12.17 12:03:22.400,5.60341,5.60428,1.35,2.03
2012.12.17 12:03:23.013,5.60332,5.60429,1.65,2.03
2012.12.17 12:03:25.421,5.60331,5.60406,2.02,2.03
2012.12.17 12:03:26.192,5.60337,5.60406,1.27,2.03
2012.12.17 12:03:31.651,5.60332,5.60429,1.27,2.03
2012.12.17 12:03:31.831,5.60338,5.60429,1.33,2.03
2012.12.17 12:03:36.590,5.60334,5.60429,1.23,2.40
2012.12.17 12:03:36.655,5.60334,5.60406,1.23,2.03
2012.12.17 12:03:43.805,5.60323,5.60381,1.72,2.03
2012.12.17 12:03:43.876,5.60298,5.60381,1.95,2.03
2012.12.17 12:03:45.711,5.60293,5.60381,1.50,2.03
2012.12.17 12:03:46.496,5.60293,5.60377,1.50,2.03
2012.12.17 12:03:55.958,5.60295,5.60399,1.50,2.03
2012.12.17 12:03:56.021,5.60295,5.60402,1.50,2.03
2012.12.17 12:03:58.911,5.60277,5.60373,1.29,2.03
2012.12.17 12:03:59.232,5.60264,5.60349,1.65,2.03
2012.12.17 12:03:59.351,5.60242,5.60349,2.25,2.25
2012.12.17 12:04:01.051,5.6025,5.60349,1.59,2.03
2012.12.17 12:04:01.230,5.60267,5.60374,2.25,2.82
2012.12.17 12:04:01.291,5.60267,5.60374,3.27,2.03
2012.12.17 12:04:01.531,5.60267,5.60374,2.25,2.55
2012.12.17 12:04:02.901,5.60258,5.60352,1.29,2.03
2012.12.17 12:04:03.341,5.60245,5.60352,2.25,2.25
2012.12.17 12:04:06.861,5.60229,5.60331,1.69,2.03
2012.12.17 12:04:07.192,5.60222,5.60331,3.00,2.82
2012.12.17 12:04:07.752,5.60237,5.60331,1.17,2.03
2012.12.17 12:04:08.180,5.60257,5.6035,1.26,2.93
2012.12.17 12:04:08.294,5.60257,5.60354,1.26,2.03
2012.12.17 12:04:16.851,5.60257,5.60328,1.26,2.03
2012.12.17 12:04:16.911,5.60239,5.60328,1.25,2.03
2012.12.17 12:04:18.583,5.60227,5.60328,1.61,2.03
2012.12.17 12:04:18.831,5.60218,5.60301,1.22,2.03
2012.12.17 12:04:19.561,5.60218,5.60324,3.24,2.03
2012.12.17 12:04:20.216,5.60228,5.60325,1.61,2.03
2012.12.17 12:04:23.251,5.60218,5.60302,1.22,2.03
2012.12.17 12:04:24.150,5.60218,5.60324,1.22,4.05
2012.12.17 12:04:24.332,5.60227,5.60324,1.59,2.03
2012.12.17 12:04:24.640,5.60258,5.60324,1.17,2.03
2012.12.17 12:04:24.821,5.60243,5.60324,1.23,2.03
2012.12.17 12:04:25.212,5.60243,5.60347,1.23,2.25
2012.12.17 12:04:26.093,5.60243,5.60324,1.23,2.03
2012.12.17 12:04:29.403,5.6026,5.60369,2.03,2.95
2012.12.17 12:04:29.473,5.6026,5.60369,2.78,2.95
2012.12.17 12:04:29.661,5.60263,5.60369,1.41,2.03
2012.12.17 12:04:35.621,5.6027,5.60369,3.08,2.03
2012.12.17 12:04:37.281,5.60286,5.60395,2.03,2.25
2012.12.17 12:04:37.341,5.60296,5.60395,1.65,2.25
2012.12.17 12:04:37.521,5.60296,5.60395,1.88,2.03
2012.12.17 12:04:37.581,5.60312,5.60395,2.63,2.03
2012.12.17 12:04:37.942,5.60305,5.60395,2.10,2.03
2012.12.17 12:04:39.482,5.60322,5.60418,2.78,2.03
2012.12.17 12:04:39.541,5.60324,5.6043,1.45,2.25
2012.12.17 12:04:43.660,5.60318,5.60408,1.74,2.03
2012.12.17 12:04:44.160,5.60322,5.60431,2.73,2.25
2012.12.17 12:04:44.971,5.60331,5.60431,1.34,2.03
2012.12.17 12:04:45.791,5.60358,5.60431,1.20,2.03
2012.12.17 12:04:49.581,5.60366,5.60454,1.63,2.03
2012.12.17 12:04:50.013,5.60376,5.60454,2.18,2.03
2012.12.17 12:04:50.374,5.60387,5.60454,1.08,2.03
2012.12.17 12:04:50.441,5.60368,5.60454,1.20,2.03
2012.12.17 12:04:50.563,5.60371,5.60478,3.00,2.03
2012.12.17 12:04:50.971,5.60368,5.60454,1.20,2.03
2012.12.17 12:04:53.097,5.60371,5.60454,1.56,2.03
2012.12.17 12:05:00.120,5.60371,5.60478,1.56,2.03
2012.12.17 12:05:00.590,5.60371,5.60453,1.56,2.03
2012.12.17 12:05:03.441,5.60347,5.60453,1.13,2.03
2012.12.17 12:05:07.372,5.60387,5.60453,1.06,2.03
2012.12.17 12:05:09.391,5.60414,5.60478,1.74,2.03
2012.12.17 12:05:09.617,5.60414,5.60503,1.74,2.03
2012.12.17 12:05:13.091,5.6042,5.60527,2.70,2.03
2012.12.17 12:05:13.720,5.60419,5.60504,1.25,2.03
2012.12.17 12:05:14.421,5.60446,5.60543,2.03,1.13
2012.12.17 12:05:14.540,5.60446,5.60521,2.03,2.25
2012.12.17 12:05:14.601,5.60408,5.60498,1.13,2.03
2012.12.17 12:05:16.970,5.60408,5.60474,1.13,2.03
2012.12.17 12:05:17.409,5.60388,5.60474,1.04,2.03
2012.12.17 12:05:18.431,5.60374,5.60474,1.41,2.03
2012.12.17 12:05:19.630,5.60366,5.6047,1.70,2.03
2012.12.17 12:05:20.022,5.60366,5.60447,1.70,2.03
2012.12.17 12:05:21.520,5.60356,5.60447,1.56,2.03
2012.12.17 12:05:21.640,5.60356,5.60444,1.56,1.13
2012.12.17 12:05:21.700,5.60327,5.60425,1.29,2.03
2012.12.17 12:05:22.851,5.60348,5.60425,1.20,2.03
2012.12.17 12:05:29.001,5.60347,5.60451,1.59,2.03
2012.12.17 12:05:29.110,5.60368,5.60451,1.53,2.03
2012.12.17 12:05:31.311,5.60368,5.60473,3.56,2.03
2012.12.17 12:05:31.370,5.60376,5.60482,1.28,2.25
2012.12.17 12:05:31.551,5.60398,5.60482,1.40,2.03
2012.12.17 12:05:31.610,5.60398,5.60504,1.40,2.03
2012.12.17 12:05:32.161,5.60398,5.60505,1.40,2.03
2012.12.17 12:05:32.292,5.60427,5.60505,1.22,2.03
2012.12.17 12:05:32.931,5.60387,5.60481,1.35,2.03
2012.12.17 12:05:33.242,5.60387,5.60481,1.35,2.78
2012.12.17 12:05:33.302,5.6037,5.60481,2.40,2.78
2012.12.17 12:05:33.420,5.6036,5.60457,1.35,2.03
2012.12.17 12:05:34.062,5.60387,5.60479,1.26,2.03
2012.12.17 12:05:39.271,5.60387,5.60477,1.26,2.03
2012.12.17 12:05:39.801,5.60408,5.60485,1.08,2.03
2012.12.17 12:05:39.981,5.60387,5.60485,1.11,2.03
2012.12.17 12:05:40.162,5.60387,5.60463,1.11,2.03
2012.12.17 12:05:40.521,5.60367,5.60463,1.43,2.03
2012.12.17 12:05:41.371,5.60357,5.60441,1.29,2.03
2012.12.17 12:05:42.417,5.60339,5.60441,2.40,2.03
2012.12.17 12:05:42.481,5.6035,5.60457,2.03,3.00
2012.12.17 12:05:42.600,5.6033,5.60431,1.56,2.03
2012.12.17 12:05:43.780,5.60345,5.60452,2.25,3.00
2012.12.17 12:05:44.089,5.60345,5.60452,2.25,2.25
2012.12.17 12:05:44.524,5.60345,5.60452,2.25,2.63
2012.12.17 12:05:44.834,5.60328,5.60428,1.20,2.03
2012.12.17 12:05:45.411,5.60328,5.60407,1.20,2.03
2012.12.17 12:05:47.361,5.60318,5.60407,1.17,2.03
2012.12.17 12:05:51.700,5.60298,5.60407,3.21,2.25
2012.12.17 12:05:52.440,5.60298,5.60375,1.19,2.03
2012.12.17 12:05:52.560,5.60298,5.60401,1.19,2.03
2012.12.17 12:05:52.621,5.60302,5.60401,1.14,2.03
2012.12.17 12:05:52.802,5.60302,5.60401,1.35,2.25
2012.12.17 12:05:54.881,5.60297,5.60379,1.19,2.03
2012.12.17 12:06:01.402,5.60277,5.60379,1.38,2.25
2012.12.17 12:06:01.520,5.60277,5.60379,1.38,2.63
2012.12.17 12:06:01.701,5.60253,5.60355,2.18,2.64
2012.12.17 12:06:02.001,5.60258,5.60355,1.43,2.03
2012.12.17 12:06:02.271,5.60272,5.60375,2.03,1.35
2012.12.17 12:06:02.782,5.60272,5.60379,2.03,3.00
2012.12.17 12:06:03.023,5.60277,5.60379,1.54,2.03
2012.12.17 12:06:03.262,5.60291,5.60403,2.84,2.03
2012.12.17 12:06:03.380,5.60316,5.6042,2.03,1.35
2012.12.17 12:06:03.440,5.60293,5.60399,2.84,2.03
2012.12.17 12:06:03.501,5.6029,5.60399,2.25,2.25
2012.12.17 12:06:05.964,5.60314,5.6042,2.63,3.00
2012.12.17 12:06:06.362,5.60313,5.6042,2.63,2.25
2012.12.17 12:06:09.340,5.60335,5.60432,2.03,1.26
2012.12.17 12:06:13.450,5.60348,5.60433,1.13,2.03
2012.12.17 12:06:13.570,5.60348,5.60438,1.13,2.03
2012.12.17 12:06:13.691,5.60366,5.60467,2.25,1.27
2012.12.17 12:06:13.810,5.6039,5.60472,2.03,1.02
2012.12.17 12:06:13.872,5.6039,5.60484,2.03,1.43
2012.12.17 12:06:14.492,5.60349,5.60458,2.70,2.03
2012.12.17 12:06:14.551,5.60349,5.60458,2.25,2.25
2012.12.17 12:06:14.994,5.60338,5.60428,1.45,2.03
2012.12.17 12:06:22.720,5.60357,5.60428,1.33,2.03
2012.12.17 12:06:22.780,5.60357,5.60451,1.33,2.03
2012.12.17 12:06:23.961,5.60372,5.60452,2.03,1.20
2012.12.17 12:06:24.080,5.60332,5.60438,1.21,2.25
2012.12.17 12:06:24.751,5.60329,5.60431,2.86,1.13
2012.12.17 12:06:25.135,5.60328,5.60412,1.11,2.03
2012.12.17 12:06:25.931,5.60347,5.60412,1.20,2.03
2012.12.17 12:06:26.232,5.60347,5.60436,1.20,2.40
2012.12.17 12:06:27.261,5.60361,5.60431,2.03,1.12
2012.12.17 12:06:27.385,5.60326,5.60431,2.25,1.12
2012.12.17 12:06:29.103,5.60313,5.60408,1.23,2.03
2012.12.17 12:06:29.421,5.60301,5.60408,2.91,2.40
2012.12.17 12:06:29.481,5.60301,5.60404,2.03,1.12
2012.12.17 12:06:29.966,5.60278,5.60385,2.86,2.03
2012.12.17 12:06:30.931,5.60278,5.60385,2.25,2.25
2012.12.17 12:06:34.400,5.60278,5.60374,2.25,2.03
2012.12.17 12:06:34.520,5.60277,5.60379,1.27,2.03
2012.12.17 12:06:34.701,5.60282,5.60379,1.74,2.03
2012.12.17 12:06:35.450,5.60295,5.604,1.38,2.25
2012.12.17 12:06:36.613,5.60279,5.60377,1.43,2.03
2012.12.17 12:06:37.344,5.60304,5.60403,2.03,1.11
2012.12.17 12:06:37.532,5.60308,5.60411,1.11,2.03
2012.12.17 12:06:39.593,5.60333,5.60427,2.78,1.08
2012.12.17 12:06:39.728,5.60334,5.60434,1.10,2.03
2012.12.17 12:06:40.027,5.60334,5.6044,1.10,2.03
2012.12.17 12:06:43.281,5.60333,5.60416,1.47,2.03
2012.12.17 12:06:43.462,5.60297,5.60393,2.33,2.25
2012.12.17 12:06:43.521,5.60284,5.60393,3.00,2.25
2012.12.17 12:06:43.701,5.60284,5.60392,2.03,1.22
2012.12.17 12:06:45.111,5.60284,5.60392,2.40,1.22
2012.12.17 12:06:45.351,5.60317,5.60419,1.02,2.03
2012.12.17 12:06:45.409,5.60348,5.60453,2.03,1.14
2012.12.17 12:06:45.531,5.60319,5.60428,2.03,2.25
2012.12.17 12:06:46.796,5.60319,5.60428,2.03,3.00
2012.12.17 12:06:47.040,5.60291,5.60382,2.03,1.19
2012.12.17 12:06:50.482,5.60291,5.60393,2.03,1.01
2012.12.17 12:06:51.364,5.60316,5.60393,2.03,1.01
2012.12.17 12:06:53.273,5.60293,5.60393,4.05,1.01
2012.12.17 12:06:53.990,5.60317,5.60393,2.03,1.01
2012.12.17 12:06:55.360,5.60317,5.60413,2.03,1.60
2012.12.17 12:06:55.420,5.60294,5.60391,2.77,2.03
2012.12.17 12:06:55.543,5.60314,5.60414,2.03,2.03
2012.12.17 12:06:55.601,5.60314,5.60421,2.03,3.53
2012.12.17 12:06:55.660,5.60314,5.60421,2.03,2.78
2012.12.17 12:06:55.780,5.60335,5.60431,2.03,2.55
2012.12.17 12:06:58.500,5.60335,5.60444,2.03,2.78
2012.12.17 12:07:01.610,5.60335,5.60444,2.03,2.78
2012.12.17 12:07:05.671,5.60335,5.60444,2.03,3.83
2012.12.17 12:07:05.792,5.60335,5.60444,2.03,2.03
2012.12.17 12:07:06.600,5.60317,5.60419,1.27,2.03
2012.12.17 12:07:09.563,5.60334,5.60442,2.03,1.49
2012.12.17 12:07:09.911,5.60334,5.60443,2.86,2.03
2012.12.17 12:07:15.160,5.60348,5.60443,1.04,2.03
2012.12.17 12:07:16.800,5.60358,5.60465,1.43,3.00
2012.12.17 12:07:18.101,5.60367,5.60465,1.40,2.78
2012.12.17 12:07:18.481,5.60367,5.60465,1.40,2.78
2012.12.17 12:07:18.541,5.60356,5.60465,2.25,3.00
2012.12.17 12:07:19.111,5.60356,5.60461,2.25,2.78
2012.12.17 12:07:19.471,5.6034,5.60438,1.38,2.03
2012.12.17 12:07:22.921,5.60331,5.60435,2.78,2.03
2012.12.17 12:07:22.980,5.6033,5.60413,1.73,2.03
2012.12.17 12:07:27.480,5.6033,5.60389,1.73,2.03
2012.12.17 12:07:27.540,5.60288,5.60389,2.93,2.03
2012.12.17 12:07:37.472,5.60306,5.60389,2.18,2.03
2012.12.17 12:07:37.530,5.60306,5.60413,4.20,4.05
2012.12.17 12:07:39.456,5.60318,5.60413,2.85,2.03
2012.12.17 12:07:41.215,5.60352,5.60458,2.33,2.03
2012.12.17 12:07:42.772,5.60362,5.60458,1.38,2.03
2012.12.17 12:07:42.892,5.60373,5.6048,2.25,2.03
2012.12.17 12:07:43.602,5.60396,5.60503,2.75,4.05
2012.12.17 12:07:45.739,5.60397,5.60481,1.47,2.03
2012.12.17 12:07:46.621,5.60395,5.60506,3.50,2.03
2012.12.17 12:07:46.940,5.60395,5.60506,3.50,2.78
2012.12.17 12:07:47.271,5.60395,5.60506,3.50,2.03
2012.12.17 12:07:48.592,5.60395,5.60506,3.50,2.78
2012.12.17 12:07:49.590,5.60395,5.60485,1.47,2.03
2012.12.17 12:07:51.431,5.60385,5.60485,2.78,2.25
2012.12.17 12:07:51.500,5.60376,5.60485,2.03,2.25
2012.12.17 12:07:51.621,5.60343,5.60452,2.78,2.03
2012.12.17 12:07:52.433,5.60343,5.60452,2.03,2.03
2012.12.17 12:07:59.992,5.60345,5.60452,2.03,2.03
2012.12.17 12:08:00.350,5.60365,5.60468,2.03,2.10
2012.12.17 12:08:00.691,5.60345,5.60451,1.80,2.03
2012.12.17 12:08:05.242,5.60342,5.60451,2.03,2.03
2012.12.17 12:08:07.115,5.60342,5.60451,2.78,2.03
2012.12.17 12:08:09.531,5.60342,5.60451,2.03,2.03
2012.12.17 12:08:10.650,5.60342,5.60451,2.03,2.78
2012.12.17 12:08:11.990,5.60342,5.60451,2.03,2.03
2012.12.17 12:08:13.820,5.60342,5.60451,2.78,2.03
2012.12.17 12:08:16.911,5.60349,5.60451,1.74,2.03
2012.12.17 12:08:18.241,5.60364,5.60472,2.73,1.32
2012.12.17 12:08:19.430,5.60364,5.60473,2.70,2.03
2012.12.17 12:08:20.771,5.60374,5.60473,2.18,2.03
2012.12.17 12:08:23.551,5.60374,5.60473,2.18,2.78
2012.12.17 12:08:24.700,5.60374,5.60473,2.18,2.78
2012.12.17 12:08:25.072,5.60389,5.60482,2.03,2.70
2012.12.17 12:08:26.261,5.6036,5.60467,2.70,2.03
2012.12.17 12:08:26.322,5.6036,5.60458,2.03,1.73
2012.12.17 12:08:26.872,5.6036,5.60442,2.03,2.48
2012.12.17 12:08:38.791,5.6036,5.60452,2.03,1.65
2012.12.17 12:08:39.800,5.6036,5.6046,2.03,1.95
2012.12.17 12:08:40.071,5.6036,5.60452,2.03,1.80
2012.12.17 12:08:40.672,5.60361,5.60461,2.03,2.18
2012.12.17 12:08:40.732,5.60368,5.60461,1.23,2.18
2012.12.17 12:08:41.464,5.60384,5.60461,2.03,2.18
2012.12.17 12:08:41.973,5.60384,5.60471,2.03,2.03
2012.12.17 12:08:43.241,5.60384,5.60478,2.03,2.93
2012.12.17 12:08:43.481,5.60407,5.60478,2.03,2.93
2012.12.17 12:08:45.720,5.60407,5.60487,2.03,1.88
2012.12.17 12:08:48.241,5.60407,5.60496,2.25,2.18
2012.12.17 12:08:48.751,5.60407,5.60496,3.00,2.18
2012.12.17 12:08:51.531,5.60407,5.60496,2.25,2.18
2012.12.17 12:08:53.741,5.60407,5.60471,2.03,2.18
2012.12.17 12:08:53.801,5.60393,5.60471,1.95,2.18
2012.12.17 12:08:53.861,5.60383,5.60471,2.03,2.18
2012.12.17 12:08:53.920,5.60383,5.60461,2.03,2.55
2012.12.17 12:09:00.812,5.60383,5.60473,2.25,2.63
2012.12.17 12:09:00.931,5.60407,5.60473,2.03,2.63
2012.12.17 12:09:01.051,5.60383,5.60462,2.25,2.70
2012.12.17 12:09:01.441,5.60405,5.60462,2.03,2.70
2012.12.17 12:09:05.351,5.60405,5.60473,2.03,2.63
2012.12.17 12:09:08.740,5.60405,5.6048,2.03,2.03
2012.12.17 12:09:09.231,5.60405,5.6048,2.88,2.03
2012.12.17 12:09:13.200,5.60405,5.60488,2.88,1.50
2012.12.17 12:09:16.701,5.60405,5.60494,2.88,1.88
2012.12.17 12:09:22.046,5.60403,5.60483,1.61,2.03
2012.12.17 12:09:22.550,5.6041,5.60494,2.70,1.88
2012.12.17 12:09:23.158,5.6041,5.6048,2.70,2.03
2012.12.17 12:09:23.226,5.60401,5.6048,1.61,2.03
2012.12.17 12:09:25.093,5.60408,5.6048,1.61,2.78
2012.12.17 12:09:25.212,5.60389,5.6048,1.36,2.78
2012.12.17 12:09:26.071,5.60418,5.6048,1.17,2.78
2012.12.17 12:09:27.892,5.60418,5.60501,1.17,2.78
2012.12.17 12:09:28.071,5.60438,5.60497,1.33,2.85
2012.12.17 12:09:28.251,5.60404,5.60477,1.58,2.25
2012.12.17 12:09:28.431,5.60381,5.60472,2.33,2.78
2012.12.17 12:09:30.523,5.60382,5.60477,2.25,2.25
2012.12.17 12:09:38.241,5.60371,5.60473,1.63,2.25
2012.12.17 12:09:38.490,5.60388,5.60473,1.44,2.03
2012.12.17 12:09:39.961,5.60364,5.60473,2.78,2.75
2012.12.17 12:09:40.021,5.60364,5.60462,2.03,1.50
2012.12.17 12:09:40.080,5.60341,5.60433,2.78,2.03
2012.12.17 12:09:41.204,5.60349,5.60447,2.03,1.58
2012.12.17 12:09:41.610,5.60349,5.60456,2.40,2.03
2012.12.17 12:09:41.670,5.60388,5.60456,1.35,2.03
2012.12.17 12:09:41.851,5.60388,5.60461,1.35,2.03
2012.12.17 12:09:43.221,5.60387,5.60475,2.03,1.52
2012.12.17 12:09:43.281,5.60387,5.60461,2.03,2.03
2012.12.17 12:09:43.742,5.6036,5.60461,2.91,2.03
2012.12.17 12:09:45.421,5.60381,5.60461,2.03,2.03
2012.12.17 12:09:45.601,5.60381,5.60468,2.03,2.70
2012.12.17 12:09:47.781,5.60364,5.6046,1.63,2.78
2012.12.17 12:09:49.762,5.60348,5.6046,1.32,2.78
2012.12.17 12:09:49.822,5.60348,5.6046,1.32,3.75
2012.12.17 12:09:50.123,5.60345,5.6046,2.78,3.98
2012.12.17 12:09:50.191,5.60345,5.6046,2.03,3.98
2012.12.17 12:09:50.253,5.60345,5.60449,2.03,2.78
2012.12.17 12:09:52.111,5.60345,5.60457,2.03,2.40
2012.12.17 12:09:53.955,5.60345,5.60457,2.91,2.18
2012.12.17 12:09:55.283,5.60345,5.60447,2.25,1.50
2012.12.17 12:09:57.713,5.60352,5.60451,2.03,1.12
2012.12.17 12:09:57.831,5.60352,5.60459,2.57,1.35
2012.12.17 12:10:01.631,5.60352,5.6046,3.32,1.35
2012.12.17 12:10:02.402,5.60352,5.60464,2.78,2.77
2012.12.17 12:10:02.521,5.60352,5.6046,2.03,2.78
2012.12.17 12:10:02.650,5.6032,5.60435,2.78,2.03
2012.12.17 12:10:02.710,5.6032,5.60435,2.78,2.78
2012.12.17 12:10:03.631,5.60344,5.60442,2.03,1.73
2012.12.17 12:10:05.421,5.6032,5.60434,1.50,2.03
2012.12.17 12:10:05.661,5.60378,5.60434,1.17,2.03
2012.12.17 12:10:06.610,5.60378,5.60456,1.17,2.03
2012.12.17 12:10:07.181,5.60379,5.60479,1.32,2.78
2012.12.17 12:10:07.301,5.60369,5.60459,1.50,2.33
2012.12.17 12:10:07.361,5.60368,5.60459,2.03,2.33
2012.12.17 12:10:08.661,5.60359,5.60448,1.50,2.03
2012.12.17 12:10:09.143,5.60388,5.60471,1.21,2.03
2012.12.17 12:10:09.261,5.60388,5.60473,1.21,2.03
2012.12.17 12:10:09.503,5.60383,5.60473,1.59,2.03
2012.12.17 12:10:09.631,5.60417,5.60473,1.26,2.03
2012.12.17 12:10:10.387,5.60395,5.60473,2.63,2.03
2012.12.17 12:10:10.451,5.60382,5.60473,1.32,2.03
2012.12.17 12:10:10.682,5.60382,5.60473,1.32,2.78
2012.12.17 12:10:11.181,5.60362,5.60475,2.03,2.78
2012.12.17 12:10:11.301,5.60362,5.6046,2.03,2.10
2012.12.17 12:10:11.772,5.60362,5.6046,2.78,2.10
2012.12.17 12:10:12.315,5.60368,5.6046,1.50,1.35
2012.12.17 12:10:12.501,5.60415,5.60475,1.20,2.03
2012.12.17 12:10:13.133,5.60402,5.60475,1.14,2.03
2012.12.17 12:10:13.192,5.60398,5.60475,1.21,2.03
2012.12.17 12:10:14.223,5.60362,5.60475,2.78,2.03
2012.12.17 12:10:14.291,5.60362,5.60469,2.78,2.25
2012.12.17 12:10:14.722,5.60362,5.60461,2.78,1.80
2012.12.17 12:10:15.421,5.60387,5.60461,1.08,1.80
2012.12.17 12:10:15.541,5.60387,5.60475,1.08,2.78
2012.12.17 12:10:17.181,5.60377,5.60475,1.06,2.78
2012.12.17 12:10:17.241,5.60377,5.60462,1.06,2.03
2012.12.17 12:10:17.361,5.60362,5.60462,2.25,2.03
2012.12.17 12:10:17.802,5.60362,5.6047,2.25,2.33
2012.12.17 12:10:17.861,5.60367,5.6047,1.26,2.10
2012.12.17 12:10:17.981,5.60368,5.60475,2.58,2.78
2012.12.17 12:10:18.162,5.60382,5.60483,2.63,1.73
2012.12.17 12:10:19.191,5.60382,5.60493,3.38,1.23
2012.12.17 12:10:19.251,5.60397,5.60455,1.26,2.03
2012.12.17 12:10:19.371,5.60397,5.6048,1.26,2.03
2012.12.17 12:10:20.471,5.60393,5.6048,2.10,2.03
2012.12.17 12:10:20.531,5.60393,5.60456,2.10,2.03
2012.12.17 12:10:20.761,5.60364,5.60456,2.18,2.03
2012.12.17 12:10:21.410,5.60366,5.60469,2.78,1.88
2012.12.17 12:10:25.471,5.60366,5.60459,2.78,2.48
2012.12.17 12:10:28.841,5.60374,5.6047,1.50,2.70
2012.12.17 12:10:29.081,5.60422,5.60481,1.20,2.03
2012.12.17 12:10:32.861,5.60419,5.60481,1.20,2.03
2012.12.17 12:10:33.041,5.60409,5.60457,1.95,2.03
2012.12.17 12:10:33.101,5.60382,5.60457,1.58,2.03
2012.12.17 12:10:34.421,5.60382,5.60474,1.58,2.03
2012.12.17 12:10:36.339,5.60382,5.60454,1.58,2.03
2012.12.17 12:10:36.725,5.60407,5.60487,1.19,2.03
2012.12.17 12:10:37.640,5.60396,5.60487,2.70,2.25
2012.12.17 12:10:37.701,5.60396,5.6047,2.70,1.88
2012.12.17 12:10:37.882,5.60359,5.60463,2.55,2.78
2012.12.17 12:10:39.611,5.60369,5.60463,1.50,2.78
2012.12.17 12:10:39.801,5.60397,5.60463,1.23,2.03
2012.12.17 12:10:40.071,5.60397,5.60485,1.98,2.03
2012.12.17 12:10:40.391,5.60397,5.60485,1.61,2.03
2012.12.17 12:10:40.991,5.60372,5.60469,2.03,2.55
2012.12.17 12:10:41.050,5.60352,5.60462,2.78,2.78
2012.12.17 12:10:41.171,5.60352,5.6045,2.78,1.65
2012.12.17 12:10:41.351,5.60352,5.60457,2.78,2.10
2012.12.17 12:10:45.061,5.60373,5.60457,2.03,2.10
2012.12.17 12:10:46.245,5.60373,5.6047,2.03,2.85
2012.12.17 12:10:46.431,5.60377,5.6047,2.18,2.85
2012.12.17 12:10:46.791,5.60437,5.6047,1.12,2.10
2012.12.17 12:10:46.851,5.60437,5.60486,1.12,2.03
2012.12.17 12:10:48.116,5.60428,5.60486,1.50,2.03
2012.12.17 12:10:48.920,5.60418,5.60486,2.33,2.03
2012.12.17 12:10:48.980,5.60388,5.60483,2.10,1.95
2012.12.17 12:10:49.221,5.60377,5.60483,1.43,1.95
2012.12.17 12:10:49.352,5.60377,5.60474,1.43,1.65
2012.12.17 12:10:50.411,5.60378,5.60474,1.43,1.65
2012.12.17 12:10:50.531,5.60418,5.60485,1.26,4.05
2012.12.17 12:10:50.991,5.60418,5.60489,1.26,2.03
2012.12.17 12:10:52.236,5.60408,5.60505,1.33,2.85
2012.12.17 12:10:52.361,5.60408,5.6047,1.33,2.78
2012.12.17 12:10:52.421,5.60376,5.6047,3.66,2.78
2012.12.17 12:10:52.852,5.60383,5.60493,3.00,2.78
2012.12.17 12:10:53.033,5.60408,5.60493,2.03,2.78
2012.12.17 12:10:53.153,5.60385,5.60493,3.00,2.78
2012.12.17 12:10:53.401,5.60385,5.60485,3.00,1.80
2012.12.17 12:10:53.828,5.60388,5.60485,1.34,1.80
2012.12.17 12:10:54.242,5.60388,5.60478,1.34,1.50
2012.12.17 12:10:54.550,5.60428,5.60478,1.23,1.50
2012.12.17 12:10:54.612,5.60428,5.60492,1.23,2.03
2012.12.17 12:10:55.623,5.60422,5.6051,1.61,2.03
2012.12.17 12:10:55.741,5.60393,5.60473,1.50,2.33
2012.12.17 12:10:56.321,5.60393,5.60481,1.50,2.78
2012.12.17 12:10:56.382,5.60398,5.60481,1.50,2.03
2012.12.17 12:10:56.441,5.60401,5.60496,3.00,2.40
2012.12.17 12:10:56.502,5.60408,5.60496,1.15,2.40
2012.12.17 12:10:56.992,5.60408,5.60492,1.19,2.78
2012.12.17 12:10:57.172,5.60427,5.60492,1.08,2.78
2012.12.17 12:10:57.231,5.60427,5.60492,1.08,2.03
2012.12.17 12:10:57.291,5.60427,5.60512,1.08,2.03
2012.12.17 12:10:57.861,5.60427,5.60524,1.08,2.10
2012.12.17 12:10:58.172,5.60422,5.60524,2.25,2.33
2012.12.17 12:10:58.311,5.60422,5.60504,2.25,2.25
2012.12.17 12:10:59.720,5.60438,5.60504,1.17,2.25
2012.12.17 12:10:59.901,5.60438,5.60511,1.17,2.03
2012.12.17 12:11:00.451,5.60425,5.60511,2.25,2.03
2012.12.17 12:11:00.511,5.60447,5.60509,2.03,1.95
2012.12.17 12:11:00.631,5.60411,5.60501,2.50,2.40
2012.12.17 12:11:01.921,5.60437,5.60501,1.22,2.40
2012.12.17 12:11:02.041,5.60437,5.6051,1.22,2.03
2012.12.17 12:11:02.100,5.60437,5.60516,1.22,2.03
2012.12.17 12:11:02.802,5.60408,5.60509,1.13,2.63
2012.12.17 12:11:02.981,5.60408,5.60501,1.13,1.73
2012.12.17 12:11:04.972,5.60438,5.60486,1.24,2.03
2012.12.17 12:11:05.091,5.60438,5.60516,1.24,2.03
2012.12.17 12:11:05.151,5.60438,5.6053,1.24,2.93
2012.12.17 12:11:05.213,5.60437,5.6053,2.03,3.15
2012.12.17 12:11:05.271,5.60409,5.60506,1.47,2.03
2012.12.17 12:11:05.632,5.60397,5.605,3.66,2.70
2012.12.17 12:11:05.871,5.60397,5.60493,2.75,1.13
2012.12.17 12:11:07.381,5.60408,5.60493,1.29,1.13
2012.12.17 12:11:07.635,5.60408,5.60506,1.29,2.03
2012.12.17 12:11:07.761,5.60438,5.60506,1.06,2.03
2012.12.17 12:11:08.730,5.60417,5.60498,1.20,2.40
2012.12.17 12:11:10.071,5.60437,5.60498,1.40,2.40
2012.12.17 12:11:10.131,5.60437,5.60521,1.40,2.78
2012.12.17 12:11:10.370,5.60458,5.60521,1.17,2.78
2012.12.17 12:11:10.581,5.60458,5.60521,1.17,2.78
2012.12.17 12:11:10.821,5.60428,5.60504,1.45,2.25
2012.12.17 12:11:12.610,5.60428,5.60521,1.45,2.78
2012.12.17 12:11:12.670,5.60458,5.60521,1.17,2.78
2012.12.17 12:11:15.191,5.60435,5.60521,2.55,2.78
2012.12.17 12:11:15.251,5.60435,5.60503,2.55,1.88
2012.12.17 12:11:15.311,5.60427,5.60503,1.29,1.88
2012.12.17 12:11:17.132,5.60427,5.60494,1.29,2.40
2012.12.17 12:11:18.644,5.60404,5.60489,1.26,2.78
2012.12.17 12:11:19.683,5.60404,5.60489,1.26,2.03
2012.12.17 12:11:28.472,5.60427,5.60489,1.42,2.03
2012.12.17 12:11:34.181,5.60428,5.60489,1.20,2.03
2012.12.17 12:11:34.362,5.60428,5.60494,1.20,2.03
2012.12.17 12:11:35.083,5.60457,5.60519,1.11,2.03
2012.12.17 12:11:35.396,5.60457,5.60519,1.11,2.78
2012.12.17 12:11:39.481,5.60436,5.60519,1.54,2.78
2012.12.17 12:11:49.541,5.60448,5.60519,1.47,2.78
2012.12.17 12:11:54.601,5.60438,5.60519,1.36,2.78
2012.12.17 12:11:54.944,5.60438,5.60504,1.36,2.78
2012.12.17 12:11:55.072,5.60418,5.60504,1.59,2.78
2012.12.17 12:11:56.534,5.60425,5.60504,1.72,2.03
2012.12.17 12:11:58.561,5.60425,5.60504,1.72,2.78
2012.12.17 12:12:00.394,5.60417,5.60504,1.29,2.78
2012.12.17 12:12:00.453,5.60407,5.60504,3.36,3.00
2012.12.17 12:12:04.613,5.60406,5.60481,1.56,2.03
2012.12.17 12:12:05.495,5.60415,5.60502,2.03,2.93
2012.12.17 12:12:05.972,5.60389,5.60494,1.47,3.00
2012.12.17 12:12:08.792,5.60412,5.60502,2.03,2.93
2012.12.17 12:12:09.512,5.60412,5.60502,2.73,2.70
2012.12.17 12:12:09.692,5.60412,5.60518,2.73,2.33
2012.12.17 12:12:10.481,5.60427,5.60518,1.20,2.10
2012.12.17 12:12:21.571,5.60418,5.60518,1.17,2.10
2012.12.17 12:12:31.411,5.60467,5.60518,1.08,2.10
2012.12.17 12:12:42.472,5.60458,5.60518,1.17,2.10
2012.12.17 12:12:44.582,5.60464,5.60538,1.63,1.80
2012.12.17 12:12:44.644,5.60487,5.60538,1.08,1.80
2012.12.17 12:12:48.952,5.60515,5.60548,1.22,1.05
2012.12.17 12:12:49.012,5.60517,5.6055,1.22,2.93
2012.12.17 12:12:49.392,5.60517,5.60579,1.22,2.48
2012.12.17 12:12:52.811,5.60539,5.60579,2.03,2.48
2012.12.17 12:12:52.871,5.60521,5.60579,1.20,2.48
2012.12.17 12:12:53.042,5.60521,5.60568,1.20,2.48
2012.12.17 12:13:02.103,5.60521,5.6058,1.20,1.80
2012.12.17 12:13:08.151,5.60521,5.60573,1.56,1.80
2012.12.17 12:13:10.063,5.60507,5.60573,1.29,1.80
2012.12.17 12:13:10.181,5.60494,5.60561,1.52,1.80
2012.12.17 12:13:11.166,5.60486,5.60561,1.65,1.80
2012.12.17 12:13:11.521,5.60507,5.60561,1.13,1.80
2012.12.17 12:13:23.890,5.60507,5.60575,1.02,2.03
2012.12.17 12:13:23.951,5.60507,5.60597,1.02,2.03
2012.12.17 12:13:24.012,5.60507,5.60603,1.02,2.03
2012.12.17 12:13:24.071,5.60526,5.60626,2.25,2.03
2012.12.17 12:13:24.131,5.60526,5.60635,2.25,2.40
2012.12.17 12:13:24.191,5.60526,5.60635,2.25,2.03
2012.12.17 12:13:24.751,5.60526,5.60635,2.25,2.78
2012.12.17 12:13:24.811,5.60526,5.60635,2.25,2.03
2012.12.17 12:13:28.448,5.60526,5.60635,2.25,2.78
2012.12.17 12:13:28.783,5.60526,5.60632,2.03,2.04
2012.12.17 12:13:29.033,5.60526,5.60635,4.55,2.03
2012.12.17 12:13:29.093,5.60548,5.6065,2.03,1.73
2012.12.17 12:13:30.225,5.60548,5.60657,3.24,2.03
2012.12.17 12:13:31.146,5.60578,5.60682,1.33,2.03
2012.12.17 12:13:42.213,5.60572,5.60681,2.03,2.03
2012.12.17 12:13:47.292,5.60572,5.60681,2.03,2.78
2012.12.17 12:13:47.651,5.6055,5.60657,2.25,2.25
2012.12.17 12:13:51.372,5.60528,5.60633,1.47,2.03
2012.12.17 12:13:54.872,5.60507,5.6061,1.79,2.03
2012.12.17 12:13:55.481,5.60508,5.6061,1.22,2.03
2012.12.17 12:14:03.302,5.60501,5.6061,2.25,2.03
2012.12.17 12:14:04.058,5.60501,5.6061,2.03,2.03
2012.12.17 12:14:04.597,5.60501,5.6061,2.25,2.03
2012.12.17 12:14:06.883,5.60501,5.6061,2.03,2.79
2012.12.17 12:14:07.541,5.60478,5.60585,2.66,2.03
2012.12.17 12:14:07.721,5.60478,5.60585,2.03,2.25
2012.12.17 12:14:16.441,5.60478,5.60585,3.30,2.03
2012.12.17 12:14:27.292,5.60478,5.60582,1.27,2.03
2012.12.17 12:14:27.662,5.60475,5.60572,2.03,1.26
2012.12.17 12:14:27.902,5.6045,5.60559,2.03,2.25
2012.12.17 12:14:31.174,5.60458,5.60559,1.88,2.25
2012.12.17 12:14:31.498,5.60476,5.60572,2.03,1.26
2012.12.17 12:14:31.561,5.60476,5.60585,2.52,2.25
2012.12.17 12:15:11.301,5.60458,5.60564,1.24,2.03
2012.12.17 12:15:19.141,5.60461,5.6054,1.21,2.03
2012.12.17 12:15:19.261,5.60472,5.60562,1.25,2.03
2012.12.17 12:15:19.323,5.60472,5.60576,1.25,2.03
2012.12.17 12:15:19.561,5.60482,5.60576,1.88,2.03
2012.12.17 12:15:20.013,5.60492,5.60576,1.23,2.03
2012.12.17 12:15:22.311,5.60498,5.60576,1.80,2.03
2012.12.17 12:15:23.421,5.60498,5.60599,1.80,2.03
2012.12.17 12:15:23.972,5.60498,5.606,1.80,2.03
2012.12.17 12:15:25.670,5.60508,5.606,1.65,2.03
2012.12.17 12:15:28.526,5.60495,5.606,1.43,2.03
2012.12.17 12:15:28.592,5.60495,5.60577,1.43,2.03
2012.12.17 12:15:29.102,5.60498,5.60577,2.48,2.03
2012.12.17 12:15:29.291,5.60499,5.60608,3.00,2.25
2012.12.17 12:15:29.772,5.60485,5.60573,1.70,2.03
2012.12.17 12:15:29.891,5.60466,5.60573,2.03,2.25
2012.12.17 12:15:30.561,5.60498,5.60562,2.03,1.40
2012.12.17 12:15:30.741,5.60474,5.60562,2.03,1.50
2012.12.17 12:15:30.807,5.60466,5.60562,2.03,1.50
2012.12.17 12:15:30.871,5.60436,5.60543,2.03,2.25
2012.12.17 12:15:31.631,5.60436,5.60543,2.03,2.25
2012.12.17 12:15:33.320,5.60436,5.60523,2.03,1.22
2012.12.17 12:15:33.385,5.60413,5.6051,2.03,2.25
2012.12.17 12:15:33.454,5.60403,5.6051,2.03,2.03
2012.12.17 12:15:33.522,5.60424,5.60533,2.03,3.59
2012.12.17 12:15:33.975,5.60402,5.60511,2.78,2.03
2012.12.17 12:15:34.332,5.60402,5.60511,2.03,2.03
2012.12.17 12:15:41.281,5.60428,5.60533,2.03,1.25
2012.12.17 12:15:45.483,5.60428,5.60535,2.03,2.78
2012.12.17 12:15:45.601,5.60428,5.60535,2.03,2.78
2012.12.17 12:15:45.781,5.60428,5.60535,2.03,2.03
2012.12.17 12:15:47.023,5.6045,5.60553,2.03,2.07
2012.12.17 12:15:47.653,5.6045,5.60557,2.03,2.25
2012.12.17 12:15:49.532,5.6045,5.60538,2.03,2.48
2012.12.17 12:15:50.542,5.6045,5.60546,2.03,2.93
2012.12.17 12:15:50.903,5.60425,5.60534,2.03,2.25
2012.12.17 12:15:51.022,5.60451,5.60543,2.03,1.52
2012.12.17 12:15:51.391,5.60451,5.60533,2.03,1.35
2012.12.17 12:15:51.713,5.60451,5.60502,2.03,1.02
2012.12.17 12:15:51.831,5.6042,5.60502,2.03,1.02
2012.12.17 12:15:57.572,5.60444,5.60502,2.03,1.02
2012.12.17 12:15:57.674,5.60444,5.60519,2.03,1.71
2012.12.17 12:16:03.181,5.60469,5.60532,2.03,1.17
2012.12.17 12:16:05.902,5.6044,5.60532,2.03,1.17
2012.12.17 12:16:07.281,5.6044,5.60547,2.03,2.90
2012.12.17 12:16:07.461,5.60462,5.60551,2.03,1.62
2012.12.17 12:16:13.494,5.60462,5.60532,2.03,1.20
2012.12.17 12:16:14.042,5.60441,5.60532,2.03,1.20
2012.12.17 12:16:16.412,5.60441,5.60521,2.03,1.35
2012.12.17 12:16:16.762,5.60441,5.60518,2.03,1.35
2012.12.17 12:16:16.833,5.60441,5.60517,2.03,1.20
2012.12.17 12:16:17.782,5.60444,5.60522,2.03,1.17
2012.12.17 12:16:18.103,5.60467,5.60522,2.03,1.17
2012.12.17 12:16:19.272,5.60467,5.60543,2.03,1.38
2012.12.17 12:16:24.054,5.60467,5.60529,2.03,1.36
2012.12.17 12:16:24.241,5.60417,5.60502,2.03,1.77
2012.12.17 12:16:27.623,5.60388,5.60497,2.03,2.88
2012.12.17 12:16:32.461,5.60411,5.60502,2.03,1.77
2012.12.17 12:16:32.822,5.60404,5.60453,2.03,1.22
2012.12.17 12:16:32.891,5.60361,5.60453,2.03,1.22
2012.12.17 12:16:35.183,5.60338,5.60443,2.03,1.70
2012.12.17 12:16:35.371,5.60338,5.60423,2.03,1.13
2012.12.17 12:16:38.211,5.60338,5.60441,2.03,1.58
2012.12.17 12:16:38.732,5.60338,5.60441,2.78,1.58
2012.12.17 12:16:38.998,5.60346,5.60441,2.63,1.58
2012.12.17 12:16:40.788,5.60346,5.60393,2.63,1.13
2012.12.17 12:16:40.857,5.6032,5.60393,2.03,1.50
2012.12.17 12:16:40.983,5.60329,5.60414,2.03,2.18
2012.12.17 12:16:41.042,5.60351,5.60458,2.03,1.58
2012.12.17 12:16:41.621,5.60351,5.60459,2.03,1.95
2012.12.17 12:16:42.172,5.60351,5.6046,2.03,2.78
2012.12.17 12:16:42.611,5.60377,5.60468,2.03,2.93
2012.12.17 12:16:42.731,5.60377,5.60478,2.03,1.95
2012.12.17 12:16:43.711,5.60377,5.60484,2.03,2.78
2012.12.17 12:16:46.042,5.60377,5.60484,2.03,2.78
2012.12.17 12:16:46.342,5.60409,5.60488,2.03,2.93
2012.12.17 12:16:46.563,5.60409,5.60516,2.03,2.48
2012.12.17 12:16:50.631,5.60409,5.60518,2.03,2.78
2012.12.17 12:16:52.491,5.60438,5.60523,2.03,2.25
2012.12.17 12:16:52.551,5.60438,5.60541,2.03,2.03
2012.12.17 12:16:52.731,5.60438,5.60543,2.03,1.23
2012.12.17 12:17:06.502,5.60438,5.60545,2.03,2.61
2012.12.17 12:17:09.882,5.60438,5.60545,2.03,2.93
2012.12.17 12:17:12.866,5.6044,5.60546,2.03,1.65
2012.12.17 12:17:15.951,5.6044,5.60543,2.03,1.04
2012.12.17 12:17:33.117,5.60444,5.60543,2.03,1.31
2012.12.17 12:17:34.323,5.60422,5.60529,4.05,2.25
2012.12.17 12:17:34.444,5.60422,5.60523,2.03,1.04
2012.12.17 12:17:39.913,5.60399,5.60503,2.03,2.25
2012.12.17 12:17:39.972,5.60394,5.60503,2.03,2.25
2012.12.17 12:17:40.033,5.60394,5.60493,2.03,1.20
2012.12.17 12:17:40.272,5.60366,5.60473,2.03,2.25
2012.12.17 12:17:40.523,5.60366,5.60472,2.03,1.08
2012.12.17 12:17:41.601,5.60366,5.60463,2.03,1.13
2012.12.17 12:17:52.296,5.60366,5.60465,2.03,1.27
2012.12.17 12:17:52.543,5.60366,5.60473,2.03,2.25
2012.12.17 12:17:56.534,5.60366,5.60473,2.03,3.42
2012.12.17 12:17:56.602,5.6034,5.60449,2.78,2.03
2012.12.17 12:17:56.994,5.6034,5.60449,2.03,2.03
2012.12.17 12:17:57.624,5.60342,5.60449,2.03,2.03
2012.12.17 12:17:58.054,5.60364,5.60442,2.03,1.40
2012.12.17 12:18:01.362,5.60337,5.60442,2.03,1.40
2012.12.17 12:18:02.563,5.60369,5.60453,2.03,1.47
2012.12.17 12:18:03.115,5.60369,5.60474,2.03,1.80
2012.12.17 12:18:03.189,5.60369,5.60478,2.03,2.25
2012.12.17 12:18:05.328,5.60376,5.60478,2.03,2.25
2012.12.17 12:18:05.632,5.60399,5.60493,2.03,1.49
2012.12.17 12:18:06.393,5.60402,5.6049,2.03,1.61
2012.12.17 12:18:06.704,5.60425,5.60516,2.03,1.88
2012.12.17 12:18:06.762,5.60425,5.60526,2.03,1.50
2012.12.17 12:18:11.433,5.60425,5.60534,2.25,2.94
2012.12.17 12:18:12.502,5.60445,5.60541,2.03,1.29
2012.12.17 12:18:12.863,5.60424,5.60528,2.03,1.20
2012.12.17 12:18:15.092,5.60424,5.60537,2.25,2.88
2012.12.17 12:18:16.002,5.60446,5.60542,2.03,1.21
2012.12.17 12:18:16.361,5.60446,5.6053,2.03,1.34
2012.12.17 12:18:18.644,5.60441,5.60542,2.03,1.32
2012.12.17 12:18:18.994,5.60441,5.60531,2.03,1.32
2012.12.17 12:18:20.932,5.60441,5.60532,2.03,1.36
2012.12.17 12:18:20.992,5.60418,5.60523,1.02,2.25
2012.12.17 12:18:22.142,5.60437,5.60533,2.03,1.31
2012.12.17 12:18:22.742,5.60418,5.60525,2.03,2.77
2012.12.17 12:18:22.865,5.60418,5.60512,2.03,1.13
2012.12.17 12:18:23.456,5.60407,5.60504,1.24,2.03
2012.12.17 12:18:23.522,5.6043,5.60523,2.03,1.29
2012.12.17 12:18:23.942,5.6043,5.60539,2.25,2.25
2012.12.17 12:18:24.122,5.60455,5.60542,2.03,1.47
2012.12.17 12:18:26.068,5.60419,5.60523,2.03,1.15
2012.12.17 12:18:27.032,5.60419,5.60528,2.03,2.86
2012.12.17 12:18:30.542,5.60419,5.60528,2.03,2.75
2012.12.17 12:18:31.301,5.60396,5.60508,2.03,2.03
2012.12.17 12:18:31.362,5.60394,5.60508,2.03,3.02
2012.12.17 12:18:33.032,5.60394,5.60508,2.03,2.86
2012.12.17 12:18:38.443,5.60394,5.60482,2.03,1.15
2012.12.17 12:18:39.352,5.60394,5.60492,2.03,1.35
2012.12.17 12:18:39.613,5.60377,5.60484,2.25,2.91
2012.12.17 12:18:41.373,5.60377,5.60482,2.03,1.31
2012.12.17 12:18:43.283,5.6035,5.60459,2.25,2.03
2012.12.17 12:18:44.912,5.6038,5.60482,2.03,1.31
2012.12.17 12:18:47.049,5.6038,5.60472,2.03,1.52
2012.12.17 12:18:47.233,5.60358,5.60432,2.03,1.41
2012.12.17 12:18:47.652,5.60335,5.60413,4.05,1.58
2012.12.17 12:18:47.772,5.60312,5.60412,2.03,3.02
2012.12.17 12:18:47.833,5.60303,5.60412,2.03,3.02
2012.12.17 12:18:48.674,5.60328,5.60413,2.03,2.33
2012.12.17 12:18:48.862,5.60328,5.60413,2.03,1.31
2012.12.17 12:18:50.652,5.60328,5.60435,2.03,3.01
2012.12.17 12:18:51.575,5.60328,5.60417,2.03,1.17
2012.12.17 12:18:52.883,5.60349,5.60423,2.03,1.44
2012.12.17 12:18:55.220,5.60349,5.60435,2.03,1.56
2012.12.17 12:18:55.355,5.60349,5.60458,2.79,2.25
2012.12.17 12:18:55.785,5.60406,5.60463,2.03,1.10
2012.12.17 12:18:56.091,5.60406,5.60513,2.03,6.48
2012.12.17 12:19:04.831,5.60383,5.60502,2.25,2.03
2012.12.17 12:19:05.412,5.60383,5.60462,2.03,1.08
2012.12.17 12:19:05.532,5.60361,5.60462,2.78,1.08
2012.12.17 12:19:05.592,5.60361,5.60462,2.03,1.08
2012.12.17 12:19:05.814,5.60361,5.60452,2.03,1.19
2012.12.17 12:19:06.141,5.60334,5.60432,2.03,1.14
2012.12.17 12:19:09.635,5.60311,5.60403,2.03,1.26
2012.12.17 12:19:11.205,5.60311,5.60423,2.03,1.25
2012.12.17 12:19:12.132,5.60311,5.60413,2.03,1.47
2012.12.17 12:19:12.253,5.60311,5.60422,2.03,1.17
2012.12.17 12:19:15.433,5.60334,5.60422,2.03,1.17
2012.12.17 12:19:15.553,5.60334,5.60442,2.03,1.35
2012.12.17 12:19:15.612,5.60357,5.60442,2.03,1.35
2012.12.17 12:19:15.673,5.60357,5.60462,2.25,1.02
2012.12.17 12:19:16.544,5.60357,5.60463,2.03,2.22
2012.12.17 12:19:16.785,5.60335,5.60456,2.03,1.59
2012.12.17 12:19:17.413,5.60347,5.60457,1.04,2.78
2012.12.17 12:19:17.722,5.60335,5.60457,3.00,2.88
2012.12.17 12:19:17.842,5.60339,5.60457,1.50,2.88
2012.12.17 12:19:18.082,5.6041,5.60474,2.25,2.03
2012.12.17 12:19:18.142,5.60433,5.60523,2.03,1.73
2012.12.17 12:19:19.053,5.60433,5.60521,2.03,1.61
2012.12.17 12:19:19.722,5.60414,5.60521,2.03,3.63
2012.12.17 12:19:19.971,5.60414,5.60503,2.03,1.29
2012.12.17 12:19:20.032,5.6038,5.60489,2.03,2.25
2012.12.17 12:19:22.871,5.6038,5.60489,2.03,2.63
2012.12.17 12:19:23.172,5.6038,5.60452,2.03,1.15
2012.12.17 12:19:27.342,5.60358,5.60452,2.03,1.15
2012.12.17 12:19:27.401,5.60354,5.60452,2.03,1.15
2012.12.17 12:19:43.959,5.60337,5.60439,2.03,1.25
2012.12.17 12:20:00.666,5.60312,5.60421,2.25,2.03
2012.12.17 12:20:00.732,5.60312,5.60421,2.03,2.66
2012.12.17 12:20:01.806,5.60312,5.60421,2.91,2.78
2012.12.17 12:20:02.092,5.60335,5.60439,2.03,1.60
2012.12.17 12:20:02.635,5.60308,5.60405,1.63,2.03
2012.12.17 12:20:02.942,5.60358,5.60467,2.55,3.00
2012.12.17 12:20:03.122,5.60308,5.60415,3.25,2.50
2012.12.17 12:20:03.184,5.60314,5.60415,1.73,2.50
2012.12.17 12:20:03.434,5.60409,5.60473,2.03,1.50
2012.12.17 12:20:05.003,5.60409,5.60492,4.05,1.03
2012.12.17 12:20:05.062,5.60431,5.60492,2.03,1.03
2012.12.17 12:20:06.174,5.60409,5.60492,2.03,1.03
2012.12.17 12:20:06.232,5.60404,5.60492,2.03,1.03
2012.12.17 12:20:15.845,5.60404,5.60485,2.03,1.01
2012.12.17 12:20:16.094,5.60382,5.60483,2.03,1.38
2012.12.17 12:20:16.443,5.60382,5.60463,2.03,1.11
2012.12.17 12:20:19.413,5.60351,5.60463,2.03,3.13
2012.12.17 12:20:21.086,5.60356,5.60463,2.10,3.13
2012.12.17 12:20:21.392,5.60408,5.60474,1.73,1.58
2012.12.17 12:20:21.632,5.60367,5.60457,2.03,1.23
2012.12.17 12:20:21.692,5.60367,5.60457,2.78,1.23
2012.12.17 12:20:22.307,5.60367,5.60457,2.03,1.23
2012.12.17 12:20:23.402,5.60395,5.60463,2.03,1.51
2012.12.17 12:20:23.462,5.60395,5.60495,2.03,1.73
2012.12.17 12:20:23.813,5.60395,5.60506,2.03,2.78
2012.12.17 12:20:23.932,5.60417,5.60506,1.35,2.78
2012.12.17 12:20:24.052,5.60417,5.60506,1.35,2.03
2012.12.17 12:20:24.352,5.60464,5.60558,2.03,2.48
2012.12.17 12:20:26.552,5.60464,5.60573,2.03,3.00
2012.12.17 12:20:26.792,5.60464,5.60573,2.03,2.25
2012.12.17 12:20:37.141,5.60443,5.6055,2.03,2.03
2012.12.17 12:20:37.473,5.60443,5.6055,2.78,2.03
2012.12.17 12:20:38.212,5.60466,5.60575,2.03,2.25
2012.12.17 12:20:39.652,5.60466,5.60567,2.03,2.03
2012.12.17 12:20:40.162,5.60442,5.60545,1.50,2.03
2012.12.17 12:20:40.222,5.6046,5.60569,2.03,2.03
2012.12.17 12:20:49.482,5.6046,5.60569,2.25,2.25
2012.12.17 12:20:52.342,5.60451,5.60546,1.23,2.03
2012.12.17 12:20:53.002,5.60476,5.60583,2.03,3.75
2012.12.17 12:20:54.652,5.60452,5.60535,2.50,2.03
2012.12.17 12:20:55.962,5.60473,5.60582,2.03,3.00
2012.12.17 12:20:57.152,5.60473,5.60558,2.03,2.03
2012.12.17 12:20:57.453,5.60457,5.60535,1.23,2.03
2012.12.17 12:20:57.572,5.60458,5.60558,1.17,2.03
2012.12.17 12:20:57.893,5.60458,5.60558,1.47,2.25
2012.12.17 12:20:58.014,5.60458,5.60535,1.47,2.03
2012.12.17 12:20:58.473,5.60466,5.60573,2.25,2.75
2012.12.17 12:20:58.532,5.60466,5.60563,2.03,1.08
2012.12.17 12:20:59.554,5.60442,5.60551,2.25,2.25
2012.12.17 12:20:59.614,5.60442,5.60538,2.25,2.03
2012.12.17 12:21:00.003,5.60452,5.60516,1.20,2.03
2012.12.17 12:21:00.403,5.60452,5.60538,1.20,2.03
2012.12.17 12:21:00.463,5.60452,5.60543,1.20,2.03
2012.12.17 12:21:01.033,5.60465,5.60563,2.03,1.04
2012.12.17 12:21:01.092,5.60444,5.60551,3.00,2.25
2012.12.17 12:21:01.152,5.60444,5.60551,2.25,2.25
2012.12.17 12:21:02.912,5.60434,5.60518,1.76,2.03
2012.12.17 12:21:03.032,5.60437,5.60545,1.40,2.03
2012.12.17 12:21:04.233,5.60471,5.60562,2.03,1.02
2012.12.17 12:21:04.352,5.60446,5.60555,2.25,2.61
2012.12.17 12:21:04.902,5.60434,5.60532,1.38,2.03
2012.12.17 12:21:05.143,5.60423,5.60532,2.03,2.75
2012.12.17 12:21:05.452,5.60437,5.60504,1.04,2.03
2012.12.17 12:21:05.722,5.60437,5.60534,1.04,2.03
2012.12.17 12:21:07.192,5.60467,5.60563,2.03,1.59
2012.12.17 12:21:07.253,5.60467,5.60542,2.03,1.13
2012.12.17 12:21:07.312,5.60436,5.60542,2.03,1.13
2012.12.17 12:21:07.954,5.60448,5.6051,1.06,2.03
2012.12.17 12:21:08.314,5.60458,5.60548,1.34,2.03
2012.12.17 12:21:10.301,5.60468,5.60548,1.73,2.03
2012.12.17 12:21:12.024,5.60461,5.60548,1.73,2.03
2012.12.17 12:21:12.263,5.60448,5.60548,1.12,2.03
2012.12.17 12:21:12.532,5.60458,5.60548,1.08,2.03
2012.12.17 12:21:27.754,5.60442,5.60548,1.47,2.03
2012.12.17 12:21:28.313,5.60446,5.60542,1.10,2.03
2012.12.17 12:21:45.775,5.60435,5.60542,2.03,2.97
2012.12.17 12:21:45.963,5.60416,5.60521,1.56,2.25
2012.12.17 12:21:46.474,5.60412,5.60498,1.56,2.03
2012.12.17 12:21:46.713,5.6039,5.60498,1.87,2.25
2012.12.17 12:21:50.335,5.60391,5.60498,1.50,2.63
2012.12.17 12:21:50.642,5.60389,5.60453,2.03,1.20
2012.12.17 12:21:50.992,5.60327,5.60417,1.38,2.03
2012.12.17 12:21:51.485,5.60309,5.60417,2.25,2.75
2012.12.17 12:21:51.806,5.60306,5.60395,1.41,2.03
2012.12.17 12:21:53.225,5.60314,5.60422,2.25,1.08
2012.12.17 12:21:55.634,5.60298,5.60402,1.24,2.03
2012.12.17 12:21:58.484,5.60328,5.60402,1.17,2.03
2012.12.17 12:21:58.543,5.60328,5.60429,1.17,2.03
2012.12.17 12:21:58.898,5.60328,5.60405,1.17,2.03
2012.12.17 12:21:59.593,5.60313,5.60405,1.01,2.03
2012.12.17 12:21:59.714,5.60307,5.60405,1.21,2.25
2012.12.17 12:21:59.834,5.60298,5.60405,2.86,3.00
2012.12.17 12:21:59.954,5.60298,5.604,2.03,1.23
2012.12.17 12:22:00.013,5.60274,5.60374,2.86,2.03
2012.12.17 12:22:00.413,5.60267,5.60374,3.22,2.40
2012.12.17 12:22:00.473,5.60267,5.60374,2.25,2.63
2012.12.17 12:22:01.102,5.60247,5.6035,1.26,2.03
2012.12.17 12:22:01.416,5.60248,5.6035,1.56,2.25
2012.12.17 12:22:02.433,5.60247,5.6035,1.22,2.03
2012.12.17 12:22:02.846,5.60241,5.6035,2.77,2.25
2012.12.17 12:22:03.894,5.60267,5.6035,1.24,2.03
2012.12.17 12:22:03.953,5.60267,5.60375,1.24,2.63
2012.12.17 12:22:04.147,5.60287,5.60375,1.31,2.40
2012.12.17 12:22:04.214,5.60287,5.60375,1.31,2.03
2012.12.17 12:22:04.345,5.60308,5.60375,1.20,2.03
2012.12.17 12:22:04.413,5.60308,5.60403,1.20,2.03
2012.12.17 12:22:04.774,5.60322,5.60425,2.25,2.63
2012.12.17 12:22:08.343,5.60322,5.60424,2.25,1.58
2012.12.17 12:22:08.642,5.60294,5.60381,2.03,1.35
2012.12.17 12:22:09.523,5.60294,5.60392,2.03,1.14
2012.12.17 12:22:10.093,5.60271,5.60356,2.25,2.03
2012.12.17 12:22:10.212,5.60271,5.60378,2.25,2.63
2012.12.17 12:22:10.495,5.60278,5.60378,1.56,2.03
2012.12.17 12:22:10.622,5.60297,5.60401,1.04,2.40
2012.12.17 12:22:11.106,5.60317,5.60423,3.00,1.23
2012.12.17 12:22:11.174,5.6032,5.60424,1.13,2.88
2012.12.17 12:22:11.294,5.60338,5.60424,1.22,2.03
2012.12.17 12:22:12.433,5.60339,5.60446,2.82,2.03
2012.12.17 12:22:13.024,5.60339,5.60443,2.82,2.10
2012.12.17 12:22:13.083,5.60339,5.60433,2.03,1.23
2012.12.17 12:22:13.203,5.60339,5.60443,2.25,2.33
2012.12.17 12:22:13.972,5.6033,5.60438,2.68,2.03
2012.12.17 12:22:27.754,5.60352,5.60453,2.03,1.34
2012.12.17 12:22:28.095,5.60358,5.60459,1.38,2.03
2012.12.17 12:22:33.153,5.60358,5.60434,1.38,2.03
2012.12.17 12:22:34.992,5.60358,5.6046,1.38,2.78
2012.12.17 12:22:37.402,5.60353,5.60402,2.03,1.14
2012.12.17 12:22:37.522,5.60329,5.60402,2.03,1.14
2012.12.17 12:22:37.642,5.60304,5.60402,4.28,1.14
2012.12.17 12:22:39.925,5.60304,5.60413,2.59,2.63
2012.12.17 12:22:43.024,5.60283,5.6039,2.57,2.03
2012.12.17 12:22:43.155,5.60283,5.6039,2.03,2.91
2012.12.17 12:22:43.462,5.60283,5.60377,2.03,1.71
2012.12.17 12:22:43.582,5.6026,5.60363,2.70,2.63
2012.12.17 12:22:48.682,5.60268,5.60363,1.05,2.25
2012.12.17 12:22:48.742,5.60307,5.60363,1.11,2.03
2012.12.17 12:22:48.802,5.60307,5.60397,1.11,2.03
2012.12.17 12:22:55.614,5.60307,5.60367,1.11,2.03
2012.12.17 12:22:55.734,5.60289,5.60382,2.03,1.04
2012.12.17 12:22:56.215,5.60289,5.60354,2.03,2.78
2012.12.17 12:22:56.581,5.60289,5.60323,2.03,1.11
2012.12.17 12:22:56.883,5.6025,5.60302,2.40,1.35
2012.12.17 12:22:56.950,5.60265,5.60302,2.03,1.35
2012.12.17 12:22:57.015,5.60214,5.60302,2.03,1.35
2012.12.17 12:22:58.693,5.60214,5.60317,2.25,1.21
2012.12.17 12:23:00.594,5.60239,5.60343,2.03,1.79
2012.12.17 12:23:00.772,5.60239,5.60343,2.03,1.04
2012.12.17 12:23:00.952,5.60288,5.60348,1.15,2.03
2012.12.17 12:23:01.073,5.60288,5.6037,1.15,2.78
2012.12.17 12:23:01.134,5.60288,5.6037,1.15,2.03
2012.12.17 12:23:01.513,5.60288,5.60378,1.15,2.03
2012.12.17 12:23:02.935,5.60296,5.60405,2.75,2.57
2012.12.17 12:23:03.204,5.60298,5.60405,1.10,2.57
2012.12.17 12:23:03.326,5.60321,5.60428,2.63,2.88
2012.12.17 12:23:03.394,5.60327,5.60428,1.08,2.03
2012.12.17 12:23:05.685,5.60327,5.60404,1.08,2.03
2012.12.17 12:23:11.035,5.60321,5.60404,1.13,2.03
2012.12.17 12:23:12.643,5.60304,5.60404,1.41,2.78
2012.12.17 12:23:12.942,5.60247,5.60353,3.00,1.11
2012.12.17 12:23:13.282,5.60247,5.60353,2.25,1.11
2012.12.17 12:23:13.553,5.60247,5.60354,2.84,2.25
2012.12.17 12:23:17.025,5.60247,5.60353,3.00,1.02
2012.12.17 12:23:17.644,5.60247,5.60353,2.25,1.02
2012.12.17 12:23:20.362,5.60249,5.60353,2.10,1.02
2012.12.17 12:23:20.543,5.60331,5.60438,2.59,2.25
2012.12.17 12:23:25.150,5.60355,5.60452,2.03,1.31
2012.12.17 12:23:31.913,5.60355,5.60461,2.25,2.63
2012.12.17 12:23:32.092,5.60355,5.60461,3.00,2.25
2012.12.17 12:23:32.332,5.60407,5.60484,1.11,2.03
2012.12.17 12:23:32.392,5.60407,5.60488,1.11,2.03
2012.12.17 12:23:32.573,5.60428,5.60488,1.31,2.03
2012.12.17 12:23:33.272,5.60428,5.60511,1.31,2.03
2012.12.17 12:23:33.332,5.60428,5.60513,1.31,2.03
2012.12.17 12:23:43.053,5.60448,5.60513,1.33,2.03
2012.12.17 12:23:43.240,5.60448,5.60538,1.33,2.03
2012.12.17 12:23:45.263,5.60461,5.6056,2.25,2.25
2012.12.17 12:23:45.384,5.60468,5.6057,1.04,2.03
2012.12.17 12:23:47.062,5.60475,5.6057,1.59,2.03
2012.12.17 12:23:51.144,5.60518,5.6057,1.24,2.03
2012.12.17 12:23:51.214,5.60518,5.60592,1.24,2.03
2012.12.17 12:23:51.274,5.60537,5.60592,1.06,2.03
2012.12.17 12:23:51.933,5.60537,5.60624,1.06,2.03
2012.12.17 12:23:52.005,5.60518,5.60599,1.29,2.03
2012.12.17 12:23:52.193,5.60513,5.60599,1.61,2.03
2012.12.17 12:23:54.022,5.6049,5.60599,2.25,2.25
2012.12.17 12:23:54.423,5.6048,5.60576,1.59,2.03
2012.12.17 12:23:57.162,5.60508,5.60576,1.15,2.03
2012.12.17 12:24:01.343,5.60488,5.60576,1.33,2.78
2012.12.17 12:24:01.593,5.60488,5.6054,1.33,2.03
2012.12.17 12:24:01.793,5.60488,5.60569,1.33,2.03
2012.12.17 12:24:03.816,5.60488,5.60569,1.33,2.63
2012.12.17 12:24:04.125,5.60417,5.60502,2.78,1.08
2012.12.17 12:24:04.384,5.60417,5.60502,2.03,1.08
2012.12.17 12:24:04.443,5.60417,5.60523,2.03,1.21
2012.12.17 12:24:05.083,5.60397,5.60504,1.29,2.25
2012.12.17 12:24:05.142,5.60397,5.60504,1.29,3.00
2012.12.17 12:24:05.532,5.60394,5.60433,2.03,1.22
2012.12.17 12:24:05.595,5.60366,5.60433,2.03,1.22
2012.12.17 12:24:08.922,5.60366,5.60442,2.03,1.36
2012.12.17 12:24:10.032,5.60366,5.60442,2.03,1.31
2012.12.17 12:24:12.008,5.60366,5.60412,2.03,1.08
2012.12.17 12:24:12.642,5.60341,5.60412,2.03,1.08
2012.12.17 12:24:15.705,5.60341,5.60382,2.03,1.08
2012.12.17 12:24:18.102,5.60318,5.60382,2.03,1.08
2012.12.17 12:24:18.163,5.60316,5.60382,2.03,1.08
2012.12.17 12:24:21.163,5.60319,5.60396,2.03,1.52
2012.12.17 12:24:21.223,5.60341,5.60396,2.03,1.52
2012.12.17 12:24:25.653,5.60341,5.60397,2.03,1.21
2012.12.17 12:24:27.574,5.60339,5.60386,2.03,1.29
2012.12.17 12:24:27.752,5.60297,5.60363,2.03,1.10
2012.12.17 12:24:27.872,5.60274,5.60363,2.03,1.10
2012.12.17 12:24:28.112,5.60274,5.60352,2.03,1.74
2012.12.17 12:24:28.432,5.60274,5.60363,2.03,1.21
2012.12.17 12:24:28.492,5.60247,5.60348,1.17,2.03
2012.12.17 12:24:28.613,5.60273,5.60363,2.03,1.21
2012.12.17 12:24:30.753,5.60273,5.60363,2.03,1.28
2012.12.17 12:24:30.932,5.60273,5.60362,2.03,1.14
2012.12.17 12:24:31.453,5.60272,5.60362,2.03,1.14
2012.12.17 12:24:31.512,5.60248,5.60352,2.25,1.20
2012.12.17 12:24:39.317,5.60244,5.60333,2.25,1.35
2012.12.17 12:24:39.624,5.60244,5.60314,2.03,1.73
2012.12.17 12:24:39.873,5.60197,5.60278,1.44,2.03
2012.12.17 12:24:39.994,5.60197,5.60278,1.44,4.43
2012.12.17 12:24:40.054,5.60169,5.60262,2.03,1.04
2012.12.17 12:24:40.115,5.60147,5.60255,2.70,2.66
2012.12.17 12:24:40.243,5.60143,5.60252,2.40,1.81
2012.12.17 12:24:41.002,5.60119,5.60232,2.03,2.95
2012.12.17 12:24:41.156,5.60098,5.6021,1.56,2.03
2012.12.17 12:24:42.582,5.60095,5.6021,2.84,2.40
2012.12.17 12:24:43.062,5.60095,5.60199,2.25,1.10
2012.12.17 12:24:43.363,5.60095,5.60173,2.03,1.21
2012.12.17 12:24:43.664,5.60095,5.60172,2.03,1.37
2012.12.17 12:24:43.784,5.60074,5.60172,2.03,1.37
2012.12.17 12:24:45.784,5.60056,5.60162,2.84,2.85
2012.12.17 12:24:45.856,5.60056,5.60152,2.03,1.04
2012.12.17 12:24:46.833,5.60033,5.60147,2.64,2.61
2012.12.17 12:24:48.034,5.60028,5.60124,1.53,2.03
2012.12.17 12:24:53.783,5.60036,5.60143,2.64,2.99
2012.12.17 12:24:55.466,5.60058,5.60149,2.03,1.71
2012.12.17 12:24:55.593,5.60058,5.60149,2.03,1.35
2012.12.17 12:24:58.264,5.60058,5.6016,2.03,1.63
2012.12.17 12:24:58.445,5.60079,5.60179,2.03,1.35
2012.12.17 12:24:58.913,5.60079,5.60179,2.03,1.67
2012.12.17 12:25:00.754,5.60079,5.60179,2.03,1.35
2012.12.17 12:25:04.904,5.60079,5.60172,2.03,1.21
2012.12.17 12:25:07.982,5.60079,5.60179,2.03,1.35
2012.12.17 12:25:09.763,5.60079,5.60183,2.03,1.23
2012.12.17 12:25:09.825,5.60112,5.60195,2.61,1.50
2012.12.17 12:25:09.894,5.60112,5.60221,2.61,3.00
2012.12.17 12:25:10.016,5.60137,5.6023,2.03,1.60
2012.12.17 12:25:10.331,5.6016,5.6023,2.03,1.13
2012.12.17 12:25:10.791,5.6016,5.60233,2.03,1.19
2012.12.17 12:25:11.137,5.60136,5.60222,2.03,1.05
2012.12.17 12:25:13.245,5.60136,5.60213,2.03,1.24
2012.12.17 12:25:13.313,5.60113,5.60213,2.03,1.24
2012.12.17 12:25:13.493,5.60113,5.60183,2.03,1.15
2012.12.17 12:25:13.853,5.60113,5.60192,2.03,1.04
2012.12.17 12:25:14.285,5.60113,5.60204,2.03,1.38
2012.12.17 12:25:14.414,5.60113,5.60192,2.03,1.24
2012.12.17 12:25:14.683,5.60113,5.60212,2.03,1.06
2012.12.17 12:25:14.743,5.60113,5.60215,2.25,1.35
2012.12.17 12:25:14.984,5.60137,5.60223,2.03,1.12
2012.12.17 12:25:15.733,5.60137,5.60223,2.03,1.50
2012.12.17 12:25:16.322,5.60137,5.60232,2.03,1.32
2012.12.17 12:25:16.443,5.60133,5.60232,2.03,1.32
2012.12.17 12:25:16.570,5.60133,5.60232,2.03,1.32
2012.12.17 12:25:20.854,5.60133,5.60213,2.03,1.14
2012.12.17 12:25:23.083,5.60133,5.60233,2.03,1.23
2012.12.17 12:25:24.847,5.60166,5.60233,2.03,1.23
2012.12.17 12:25:27.925,5.60166,5.60234,2.03,1.23
2012.12.17 12:25:28.053,5.60143,5.60234,4.05,1.23
2012.12.17 12:25:40.054,5.60143,5.60252,2.25,3.43
2012.12.17 12:25:40.175,5.60143,5.60252,4.28,2.68
2012.12.17 12:25:40.293,5.60166,5.6026,2.03,1.03
2012.12.17 12:25:40.414,5.60166,5.60262,2.25,1.05
2012.12.17 12:25:42.122,5.60208,5.60262,2.03,1.05
2012.12.17 12:25:45.083,5.60208,5.60283,2.03,1.27
2012.12.17 12:25:47.343,5.60208,5.60283,2.03,1.27
2012.12.17 12:25:47.485,5.60208,5.60293,2.03,1.38
2012.12.17 12:25:47.556,5.6019,5.60293,2.25,1.38
2012.12.17 12:25:48.023,5.60213,5.60292,2.03,1.61
2012.12.17 12:25:50.699,5.60195,5.60292,2.25,1.25
2012.12.17 12:25:53.408,5.60207,5.60292,2.03,1.25
2012.12.17 12:25:53.714,5.6023,5.60304,2.03,1.23
2012.12.17 12:25:53.773,5.6023,5.60307,2.03,1.60
2012.12.17 12:25:54.075,5.6023,5.60329,2.03,1.69
2012.12.17 12:25:54.143,5.60273,5.60329,2.03,1.69
2012.12.17 12:25:54.453,5.60273,5.60343,2.03,1.50
2012.12.17 12:25:54.513,5.60273,5.60344,2.03,1.50
2012.12.17 12:25:54.633,5.60273,5.60353,2.03,2.55
2012.12.17 12:25:54.754,5.60298,5.60353,2.03,1.05
2012.12.17 12:25:55.413,5.60298,5.60393,2.03,1.50
2012.12.17 12:25:56.117,5.60298,5.60411,2.03,1.35
2012.12.17 12:25:56.199,5.60298,5.60411,2.64,1.35
2012.12.17 12:25:56.565,5.60327,5.60411,2.03,1.35
2012.12.17 12:25:57.174,5.60306,5.60411,2.64,1.35
2012.12.17 12:25:57.921,5.60306,5.60406,2.03,1.19
2012.12.17 12:26:00.463,5.60306,5.60417,2.25,2.63
2012.12.17 12:26:01.787,5.60306,5.60402,2.03,1.51
2012.12.17 12:26:05.673,5.60284,5.60382,4.05,1.20
2012.12.17 12:26:07.278,5.60284,5.60362,2.03,1.22
2012.12.17 12:26:07.352,5.60284,5.60372,2.03,1.20
2012.12.17 12:26:07.417,5.60259,5.60368,2.66,2.25
2012.12.17 12:26:08.503,5.60282,5.60382,2.03,1.26
2012.12.17 12:26:18.845,5.60282,5.60378,2.03,1.12
2012.12.17 12:26:19.379,5.60282,5.60352,2.03,1.11
2012.12.17 12:26:19.519,5.60259,5.60352,2.03,1.11
2012.12.17 12:26:20.044,5.60258,5.60352,2.03,1.11
2012.12.17 12:26:23.216,5.60258,5.60332,2.03,1.35
2012.12.17 12:26:23.286,5.60233,5.60332,2.03,1.35
2012.12.17 12:26:23.354,5.60212,5.60301,2.78,1.08
2012.12.17 12:26:23.417,5.60212,5.60301,2.03,1.08
2012.12.17 12:26:26.515,5.60187,5.60288,1.59,3.00
2012.12.17 12:26:26.914,5.60179,5.60269,2.86,1.13
2012.12.17 12:26:26.988,5.60166,5.60254,2.03,2.48
2012.12.17 12:26:27.063,5.60166,5.60233,2.03,1.23
2012.12.17 12:26:27.303,5.60157,5.60233,2.63,1.23
2012.12.17 12:26:27.434,5.60157,5.60252,2.63,1.32
2012.12.17 12:26:27.725,5.60157,5.6023,2.63,2.03
2012.12.17 12:26:28.097,5.60153,5.60242,2.03,1.34
2012.12.17 12:26:28.603,5.60153,5.60252,2.03,1.32
2012.12.17 12:26:28.901,5.60176,5.60274,2.03,1.74
2012.12.17 12:26:29.363,5.60207,5.60276,2.03,1.36
2012.12.17 12:26:31.170,5.60205,5.6027,2.03,1.73
2012.12.17 12:26:32.594,5.60207,5.60272,2.03,1.21
2012.12.17 12:26:32.714,5.60182,5.60272,2.03,1.21
2012.12.17 12:26:33.134,5.60182,5.60251,2.03,1.17
2012.12.17 12:26:36.064,5.60182,5.60256,2.03,1.35
2012.12.17 12:26:36.184,5.60182,5.60253,2.03,1.03
2012.12.17 12:26:36.666,5.60161,5.60251,2.03,1.35
2012.12.17 12:26:39.787,5.6014,5.60222,2.03,1.13
2012.12.17 12:26:41.134,5.60163,5.60232,2.03,1.57
2012.12.17 12:26:44.453,5.60163,5.60252,2.03,1.20
2012.12.17 12:26:44.513,5.60163,5.60256,2.25,2.85
2012.12.17 12:26:44.846,5.60184,5.60263,2.03,1.78
2012.12.17 12:26:53.423,5.60184,5.60253,2.03,1.35
2012.12.17 12:26:55.123,5.60163,5.60243,2.03,1.63
2012.12.17 12:27:14.566,5.60129,5.60223,2.03,1.22
2012.12.17 12:27:15.933,5.60132,5.60223,2.03,1.22
2012.12.17 12:27:16.234,5.60154,5.60242,2.03,1.62
2012.12.17 12:27:16.691,5.60179,5.60259,2.03,1.34
2012.12.17 12:27:16.993,5.60112,5.60217,1.88,2.85
2012.12.17 12:27:17.053,5.60108,5.60217,2.25,2.85
2012.12.17 12:27:17.352,5.60161,5.60222,2.03,1.10
2012.12.17 12:27:23.512,5.60136,5.60213,2.03,1.23
2012.12.17 12:27:25.173,5.60113,5.60202,2.03,1.13
2012.12.17 12:27:25.233,5.60113,5.60192,2.03,1.24
2012.12.17 12:27:25.753,5.60103,5.60192,2.03,1.24
2012.12.17 12:27:25.875,5.60072,5.60189,2.25,3.63
2012.12.17 12:27:28.563,5.60095,5.60189,2.03,1.61
2012.12.17 12:27:29.295,5.60095,5.60209,2.55,2.63
2012.12.17 12:27:29.847,5.60095,5.60192,2.03,1.21
2012.12.17 12:27:31.093,5.60072,5.60192,2.70,1.21
2012.12.17 12:27:31.343,5.60072,5.60192,2.70,1.59
2012.12.17 12:27:31.568,5.60072,5.60162,2.03,1.19
2012.12.17 12:27:31.784,5.60047,5.60162,2.88,1.19
2012.12.17 12:27:33.264,5.60069,5.60162,2.03,1.19
2012.12.17 12:27:35.053,5.60047,5.60162,2.88,1.94
2012.12.17 12:27:35.114,5.60047,5.60142,2.25,1.10
2012.12.17 12:27:35.473,5.60046,5.60132,2.03,1.50
2012.12.17 12:27:38.165,5.60046,5.60142,2.25,1.03
2012.12.17 12:27:41.233,5.60046,5.60152,2.25,1.26
2012.12.17 12:27:41.355,5.60059,5.60152,2.03,1.26
2012.12.17 12:27:41.584,5.60059,5.60173,2.25,1.17
2012.12.17 12:27:41.763,5.60059,5.60152,2.03,1.04
2012.12.17 12:27:45.254,5.60059,5.6016,2.25,1.35
2012.12.17 12:27:45.513,5.60082,5.60162,2.03,1.14
2012.12.17 12:27:45.574,5.60082,5.60193,2.25,1.29
2012.12.17 12:27:45.894,5.60106,5.60193,2.03,1.29
2012.12.17 12:27:46.104,5.60077,5.60181,2.66,1.13
2012.12.17 12:27:46.165,5.60077,5.60173,2.03,1.44
2012.12.17 12:27:57.523,5.60077,5.60169,2.03,1.67
2012.12.17 12:27:58.623,5.60055,5.60169,2.55,1.67
2012.12.17 12:27:58.802,5.60055,5.60148,2.03,1.10
2012.12.17 12:28:06.133,5.60055,5.60143,2.03,1.20
2012.12.17 12:28:07.234,5.60055,5.60145,2.03,1.10
2012.12.17 12:28:07.436,5.60055,5.60153,2.70,1.35
2012.12.17 12:28:07.811,5.60081,5.60163,2.03,1.20
2012.12.17 12:28:09.816,5.6007,5.60155,2.03,1.35
2012.12.17 12:28:13.956,5.60048,5.6016,2.91,2.25
2012.12.17 12:28:14.026,5.60048,5.60152,2.03,1.24
2012.12.17 12:28:17.014,5.60079,5.60152,2.03,1.24
2012.12.17 12:28:17.554,5.60079,5.6016,2.03,1.72
2012.12.17 12:28:21.984,5.60079,5.60163,2.03,1.20
2012.12.17 12:28:23.003,5.60101,5.60173,2.03,1.41
2012.12.17 12:28:23.123,5.60101,5.60181,2.03,1.13
2012.12.17 12:28:23.333,5.60127,5.60192,2.03,1.59
2012.12.17 12:28:33.490,5.60127,5.60202,2.03,1.23
2012.12.17 12:28:34.908,5.60101,5.60193,2.03,1.32
2012.12.17 12:28:35.914,5.60101,5.60199,2.03,1.35
2012.12.17 12:28:35.978,5.60124,5.60199,2.03,1.35
2012.12.17 12:28:52.555,5.60124,5.60204,2.03,1.08
2012.12.17 12:28:56.224,5.60136,5.60204,2.03,1.08
2012.12.17 12:28:56.283,5.60113,5.60203,2.03,1.45
2012.12.17 12:28:56.753,5.60113,5.60193,2.03,1.73
2012.12.17 12:28:57.074,5.60113,5.6019,2.03,1.29
2012.12.17 12:28:58.154,5.60113,5.60202,2.03,1.73
2012.12.17 12:29:14.134,5.60129,5.60213,2.03,1.13
2012.12.17 12:29:14.545,5.60152,5.60222,2.03,1.74
2012.12.17 12:29:32.074,5.60129,5.6022,4.05,1.74
2012.12.17 12:29:32.492,5.60129,5.6022,2.03,2.11
2012.12.17 12:29:32.804,5.60129,5.60192,2.03,1.20
2012.12.17 12:29:32.863,5.60096,5.60192,2.25,1.20
2012.12.17 12:29:32.997,5.60096,5.60173,2.03,1.13
2012.12.17 12:29:33.126,5.60096,5.60191,2.03,1.41
2012.12.17 12:29:34.053,5.60118,5.60192,2.03,1.41
2012.12.17 12:29:36.854,5.60095,5.60193,2.03,2.37
2012.12.17 12:29:36.913,5.6009,5.60183,2.03,1.41
2012.12.17 12:29:37.394,5.6009,5.60172,2.03,1.15
2012.12.17 12:29:39.976,5.60113,5.60183,2.03,2.10
2012.12.17 12:29:51.005,5.60087,5.60171,2.03,1.23
2012.12.17 12:29:51.856,5.60087,5.60152,2.03,1.32
2012.12.17 12:29:51.985,5.60059,5.60127,2.03,1.17
2012.12.17 12:29:58.135,5.60082,5.60132,2.03,1.15
2012.12.17 12:29:58.194,5.60082,5.60172,2.03,1.13
2012.12.17 12:29:58.254,5.60106,5.60172,2.03,1.13
2012.12.17 12:30:06.013,5.60106,5.60163,2.03,1.06
2012.12.17 12:30:12.664,5.60123,5.60163,2.03,1.06
2012.12.17 12:30:12.878,5.60129,5.60183,2.03,1.26
2012.12.17 12:30:13.159,5.60129,5.60194,2.03,1.36
2012.12.17 12:30:13.485,5.60129,5.60219,2.03,1.69
2012.12.17 12:30:13.735,5.60154,5.60223,2.03,1.44
2012.12.17 12:30:14.535,5.60131,5.60202,2.03,1.21
2012.12.17 12:30:14.596,5.60128,5.60202,2.03,1.21
2012.12.17 12:30:15.415,5.60128,5.60193,2.03,1.15
2012.12.17 12:30:28.903,5.60128,5.60192,2.03,1.50
2012.12.17 12:30:28.963,5.60103,5.60192,2.25,1.50
2012.12.17 12:30:29.023,5.60103,5.60202,2.25,1.88
2012.12.17 12:30:29.203,5.60103,5.6021,2.25,2.78
2012.12.17 12:30:29.504,5.6014,5.60213,2.03,2.55
2012.12.17 12:30:29.743,5.6014,5.60222,2.03,2.40
2012.12.17 12:30:30.122,5.60163,5.60222,2.03,1.88
2012.12.17 12:30:30.422,5.60194,5.60222,2.03,1.88
2012.12.17 12:30:30.663,5.60194,5.60229,2.03,2.03
2012.12.17 12:30:30.982,5.60194,5.60238,2.03,1.95
2012.12.17 12:30:31.534,5.60218,5.60237,2.03,2.40
2012.12.17 12:30:31.713,5.60218,5.60269,2.03,1.65
2012.12.17 12:30:32.263,5.60218,5.60278,2.03,2.10
2012.12.17 12:30:33.523,5.60218,5.60284,2.03,1.50
2012.12.17 12:30:34.733,5.60218,5.60291,2.03,2.25
2012.12.17 12:30:35.273,5.60218,5.60297,2.03,1.50
2012.12.17 12:30:36.663,5.60218,5.60306,2.03,1.80
2012.12.17 12:30:38.243,5.60218,5.60314,2.03,1.65
2012.12.17 12:30:38.364,5.60241,5.60314,2.03,1.65
2012.12.17 12:30:39.183,5.60219,5.60314,2.03,1.65
2012.12.17 12:30:39.243,5.60216,5.60314,2.03,1.65
2012.12.17 12:30:40.264,5.60194,5.60293,2.03,2.03
2012.12.17 12:30:40.394,5.60186,5.60293,2.03,2.03
2012.12.17 12:30:49.090,5.60186,5.60293,2.03,2.91
2012.12.17 12:30:59.354,5.60186,5.60293,2.86,2.03
2012.12.17 12:30:59.795,5.60264,5.60322,2.03,1.02
2012.12.17 12:31:01.474,5.60264,5.60332,2.03,1.32
2012.12.17 12:31:03.894,5.60265,5.60332,2.03,1.32
2012.12.17 12:31:03.953,5.60286,5.60332,2.03,1.32
2012.12.17 12:31:05.523,5.60287,5.60353,2.03,1.25
2012.12.17 12:31:11.008,5.60265,5.60353,2.03,1.25
2012.12.17 12:31:11.133,5.60259,5.60353,2.03,1.25
2012.12.17 12:31:15.752,5.60259,5.60353,2.03,1.25
2012.12.17 12:31:18.104,5.60259,5.60358,2.03,1.62
2012.12.17 12:31:18.624,5.60259,5.60353,2.03,1.30
2012.12.17 12:31:24.334,5.60259,5.60353,2.03,1.21
2012.12.17 12:31:24.524,5.60283,5.60353,2.03,1.21
2012.12.17 12:31:24.645,5.60283,5.60363,2.03,1.20
2012.12.17 12:31:24.885,5.60283,5.60377,2.03,1.10
2012.12.17 12:31:25.015,5.60308,5.60377,2.03,1.10
2012.12.17 12:31:25.153,5.60308,5.60388,2.03,1.13
2012.12.17 12:31:25.654,5.60308,5.60415,2.03,2.25
2012.12.17 12:31:26.031,5.60331,5.60423,2.03,1.01
2012.12.17 12:31:27.755,5.60331,5.60413,2.03,1.38
2012.12.17 12:31:28.134,5.60307,5.60412,2.03,1.61
2012.12.17 12:31:35.783,5.60329,5.60413,2.03,1.38
2012.12.17 12:31:36.457,5.60329,5.60419,2.03,1.35
2012.12.17 12:31:37.006,5.6035,5.60431,2.03,1.58
2012.12.17 12:31:40.365,5.6035,5.6044,2.03,1.35
2012.12.17 12:31:40.603,5.6035,5.60432,2.03,1.12
2012.12.17 12:31:42.723,5.6035,5.60455,2.03,1.45
2012.12.17 12:31:43.053,5.60354,5.60452,2.03,1.45
2012.12.17 12:31:43.575,5.60377,5.60452,2.03,1.45
2012.12.17 12:31:46.417,5.60377,5.60464,2.68,2.78
2012.12.17 12:31:46.544,5.60377,5.60474,2.68,1.35
2012.12.17 12:31:46.603,5.60397,5.6048,2.03,1.73
2012.12.17 12:31:49.495,5.60374,5.6048,2.68,3.00
2012.12.17 12:31:49.848,5.60371,5.60473,2.03,1.15
2012.12.17 12:31:51.183,5.6037,5.60473,2.03,1.15
2012.12.17 12:31:59.266,5.6037,5.60479,2.48,2.25
2012.12.17 12:31:59.965,5.60387,5.60479,1.26,2.03
2012.12.17 12:32:00.023,5.60395,5.60486,2.82,1.13
2012.12.17 12:32:00.316,5.60395,5.60484,2.03,1.19
2012.12.17 12:32:02.033,5.60372,5.60481,2.91,2.25
2012.12.17 12:32:09.257,5.60396,5.60493,2.03,1.44
2012.12.17 12:32:11.660,5.60396,5.60503,2.61,2.63
2012.12.17 12:32:17.699,5.60396,5.60503,2.61,2.25
2012.12.17 12:32:27.443,5.60419,5.60523,2.03,1.22
2012.12.17 12:32:30.473,5.60396,5.60503,2.61,2.25
2012.12.17 12:32:30.944,5.60396,5.60503,2.03,2.86
2012.12.17 12:32:33.125,5.60396,5.60499,2.03,1.29
2012.12.17 12:32:33.247,5.60373,5.60477,2.68,2.40
2012.12.17 12:32:33.316,5.6037,5.60473,2.03,1.42
2012.12.17 12:32:43.774,5.6037,5.60473,2.03,1.26
2012.12.17 12:32:48.634,5.6037,5.60477,2.25,2.25
2012.12.17 12:32:49.254,5.60394,5.60502,2.03,2.95
2012.12.17 12:32:49.374,5.60394,5.60502,2.50,2.25
2012.12.17 12:32:49.683,5.60378,5.6048,1.33,2.03
2012.12.17 12:32:49.743,5.60374,5.6048,1.10,2.25
2012.12.17 12:32:59.975,5.60371,5.60472,2.03,1.22
2012.12.17 12:33:00.593,5.60354,5.60457,1.47,2.25
2012.12.17 12:33:11.554,5.60375,5.60472,2.03,1.22
2012.12.17 12:33:11.614,5.60398,5.60505,2.64,2.03
2012.12.17 12:33:11.795,5.60426,5.60525,2.03,1.94
2012.12.17 12:33:16.294,5.604,5.60509,2.03,2.91
2012.12.17 12:33:24.984,5.6038,5.60486,2.40,2.03
2012.12.17 12:33:29.634,5.6038,5.60486,2.40,2.03
2012.12.17 12:33:33.213,5.60412,5.60503,2.03,1.26
2012.12.17 12:33:33.573,5.60381,5.60472,2.03,1.06
2012.12.17 12:33:54.095,5.60383,5.60472,2.03,1.06
2012.12.17 12:33:55.615,5.60383,5.60462,2.03,1.38
2012.12.17 12:33:55.675,5.6036,5.60462,2.03,1.38
2012.12.17 12:34:00.377,5.60338,5.60444,2.70,2.50
2012.12.17 12:34:00.445,5.60338,5.60432,2.03,1.22
2012.12.17 12:34:01.074,5.60337,5.60432,2.03,1.22
2012.12.17 12:34:01.565,5.60359,5.60432,2.03,1.22
2012.12.17 12:34:04.654,5.60337,5.60432,2.03,1.22
2012.12.17 12:34:04.837,5.60326,5.60403,2.03,1.02
2012.12.17 12:34:05.944,5.60326,5.60423,2.03,2.08
2012.12.17 12:34:06.587,5.60297,5.60406,3.01,2.25
2012.12.17 12:34:06.963,5.60297,5.60406,2.64,2.25
2012.12.17 12:34:07.023,5.60294,5.60379,1.36,2.03
2012.12.17 12:34:07.144,5.60274,5.60373,2.03,1.44
2012.12.17 12:34:07.615,5.6027,5.60373,2.03,1.44
2012.12.17 12:34:08.734,5.6027,5.60379,2.68,2.25
2012.12.17 12:34:11.373,5.60302,5.60393,2.03,1.22
2012.12.17 12:34:11.865,5.60302,5.60408,2.25,1.45
2012.12.17 12:34:13.863,5.60321,5.60412,2.03,1.02
2012.12.17 12:34:14.884,5.60298,5.6041,2.79,2.66
2012.12.17 12:34:16.815,5.60319,5.60412,2.03,1.02
2012.12.17 12:34:16.887,5.60319,5.60432,2.25,2.48
2012.12.17 12:34:19.634,5.60319,5.60423,2.03,1.60
2012.12.17 12:34:21.714,5.60296,5.6041,4.28,2.55
2012.12.17 12:34:22.434,5.60297,5.6041,1.17,2.03
2012.12.17 12:34:22.493,5.60319,5.60423,2.25,1.36
2012.12.17 12:34:28.594,5.60319,5.60431,3.00,2.03
2012.12.17 12:34:29.743,5.60348,5.60452,2.25,1.31
2012.12.17 12:34:32.066,5.60324,5.60432,2.25,1.31
2012.12.17 12:34:32.945,5.60327,5.60438,1.33,2.25
2012.12.17 12:34:33.955,5.60349,5.6046,2.03,2.97
2012.12.17 12:34:34.435,5.60349,5.60432,2.03,1.29
2012.12.17 12:34:34.504,5.60327,5.60432,2.25,1.29
2012.12.17 12:34:38.093,5.60328,5.60436,1.02,2.25
2012.12.17 12:34:38.433,5.60352,5.60452,2.03,1.13
2012.12.17 12:34:40.033,5.60353,5.60452,2.03,1.13
2012.12.17 12:34:40.099,5.60376,5.60479,2.03,1.61
2012.12.17 12:34:53.315,5.60376,5.60485,2.75,2.25
2012.12.17 12:34:53.645,5.60405,5.60501,2.03,1.59
2012.12.17 12:34:58.355,5.60405,5.60514,2.25,2.91
2012.12.17 12:34:58.654,5.60431,5.60522,2.03,1.17
2012.12.17 12:34:58.775,5.60431,5.60533,2.25,1.20
2012.12.17 12:34:59.408,5.60431,5.60522,2.03,1.33
2012.12.17 12:34:59.476,5.60409,5.60518,2.03,2.79
2012.12.17 12:34:59.545,5.60409,5.60513,2.03,1.17
2012.12.17 12:34:59.664,5.60384,5.60491,2.25,2.25
2012.12.17 12:35:00.564,5.60384,5.60487,2.25,1.80
2012.12.17 12:35:00.765,5.6036,5.60467,2.03,2.86
2012.12.17 12:35:03.814,5.6036,5.60467,2.70,2.03
2012.12.17 12:35:03.934,5.60381,5.60488,2.03,1.41
2012.12.17 12:35:07.905,5.60381,5.6049,2.86,2.25
2012.12.17 12:35:08.337,5.60404,5.605,2.03,1.59
2012.12.17 12:35:17.453,5.60428,5.60502,2.03,1.42
2012.12.17 12:35:17.716,5.60428,5.60521,2.03,1.59
2012.12.17 12:35:21.804,5.60428,5.60534,3.33,1.35
2012.12.17 12:35:21.864,5.6045,5.60536,2.03,1.35
2012.12.17 12:35:22.046,5.6045,5.60533,2.03,1.20
2012.12.17 12:35:23.062,5.60428,5.60533,2.03,1.20
2012.12.17 12:35:35.874,5.60428,5.60537,3.27,2.25
2012.12.17 12:35:36.114,5.60428,5.60533,2.03,1.20
2012.12.17 12:35:42.644,5.60434,5.60533,2.03,1.20
2012.12.17 12:35:47.833,5.6041,5.60519,2.25,2.25
2012.12.17 12:35:53.993,5.60435,5.60533,2.03,1.20
2012.12.17 12:35:58.713,5.60435,5.60543,2.03,1.61
2012.12.17 12:36:14.053,5.60435,5.60544,2.93,2.03
2012.12.17 12:36:14.234,5.60446,5.60553,2.68,2.25
2012.12.17 12:36:14.354,5.60477,5.60572,2.03,1.29
2012.12.17 12:36:14.515,5.60477,5.60584,2.25,2.91
2012.12.17 12:36:52.795,5.60471,5.60578,2.25,2.63
2012.12.17 12:36:52.976,5.60437,5.60546,2.25,2.70
2012.12.17 12:36:54.655,5.60437,5.60533,2.03,1.26
2012.12.17 12:37:03.055,5.60437,5.60546,2.03,2.50
2012.12.17 12:37:12.524,5.60412,5.60519,2.25,2.25
2012.12.17 12:37:28.913,5.60437,5.60539,2.03,1.70
2012.12.17 12:37:29.095,5.60437,5.6054,2.25,1.35
2012.12.17 12:37:29.624,5.60443,5.60543,2.03,1.26
2012.12.17 12:37:29.742,5.60466,5.60571,2.25,2.40
2012.12.17 12:37:29.988,5.60466,5.60573,2.25,2.91
2012.12.17 12:37:30.175,5.60467,5.60573,1.08,2.03
2012.12.17 12:37:30.354,5.60489,5.60593,2.03,1.19
2012.12.17 12:37:30.413,5.60489,5.60593,2.03,1.56
2012.12.17 12:37:34.701,5.60489,5.60593,2.03,1.19
2012.12.17 12:37:35.283,5.60489,5.60582,2.03,1.24
2012.12.17 12:37:36.944,5.60466,5.60575,2.25,2.64
2012.12.17 12:37:52.546,5.60467,5.60575,3.13,2.03
2012.12.17 12:37:52.614,5.6049,5.60593,2.03,1.19
2012.12.17 12:37:53.184,5.60513,5.60593,2.03,1.19
2012.12.17 12:37:53.465,5.60513,5.60613,2.03,1.29
2012.12.17 12:37:55.777,5.60536,5.60623,2.03,1.39
2012.12.17 12:37:56.925,5.60536,5.60642,2.70,1.29
2012.12.17 12:38:01.613,5.60536,5.60623,2.03,1.19
2012.12.17 12:38:01.675,5.60536,5.60623,2.03,1.19
2012.12.17 12:38:09.978,5.60557,5.60652,2.03,1.61
2012.12.17 12:38:20.414,5.60536,5.60643,2.25,3.38
2012.12.17 12:38:20.474,5.60536,5.60633,2.03,1.08
2012.12.17 12:38:21.864,5.60538,5.60643,1.26,2.25
2012.12.17 12:38:21.923,5.60561,5.60652,2.03,1.17
2012.12.17 12:38:26.707,5.60568,5.6067,1.04,2.03
2012.12.17 12:38:26.834,5.60561,5.6067,2.25,2.68
2012.12.17 12:38:27.123,5.60587,5.60683,2.03,1.75
2012.12.17 12:38:27.244,5.60573,5.60681,2.03,3.02
2012.12.17 12:38:28.655,5.60572,5.60681,2.03,3.02
2012.12.17 12:38:28.935,5.60595,5.60683,2.03,1.75
2012.12.17 12:38:29.174,5.60595,5.60695,2.03,1.62
2012.12.17 12:38:29.664,5.60595,5.60673,2.03,1.06
2012.12.17 12:38:29.786,5.60595,5.60692,2.03,1.14
2012.12.17 12:38:30.156,5.60572,5.60679,4.86,2.03
2012.12.17 12:38:30.522,5.60572,5.60673,2.03,1.51
2012.12.17 12:38:31.547,5.60572,5.60679,2.84,2.03
2012.12.17 12:38:31.614,5.60594,5.60692,2.03,1.19
2012.12.17 12:38:31.915,5.60622,5.60702,2.03,1.15
2012.12.17 12:38:32.034,5.60601,5.60702,2.03,1.15
2012.12.17 12:38:32.908,5.60575,5.60672,2.03,1.38
2012.12.17 12:38:33.235,5.60598,5.60672,2.03,1.38
2012.12.17 12:38:33.704,5.60598,5.60695,2.03,1.65
2012.12.17 12:38:34.264,5.60598,5.60673,2.03,1.13
2012.12.17 12:38:42.565,5.60598,5.60694,2.03,1.69
2012.12.17 12:38:42.895,5.60598,5.60704,2.25,3.00
2012.12.17 12:38:43.534,5.60628,5.60714,2.03,1.19
2012.12.17 12:38:52.734,5.60628,5.6073,2.25,1.35
2012.12.17 12:38:52.867,5.60629,5.60735,2.03,2.57
2012.12.17 12:38:52.995,5.60638,5.60735,1.17,2.03
2012.12.17 12:38:53.430,5.60652,5.60759,2.25,2.25
2012.12.17 12:38:56.946,5.60678,5.6077,2.03,1.61
2012.12.17 12:39:01.304,5.60678,5.60785,2.03,2.77
2012.12.17 12:39:01.425,5.607,5.60791,2.03,1.12
2012.12.17 12:39:02.354,5.60675,5.60782,2.25,1.73
2012.12.17 12:39:02.414,5.60675,5.60772,2.03,1.24
2012.12.17 12:39:10.160,5.60675,5.60753,2.03,1.08
2012.12.17 12:39:13.066,5.60651,5.60733,2.03,1.95
2012.12.17 12:39:13.190,5.60651,5.60723,2.03,1.60
2012.12.17 12:39:13.258,5.60627,5.60723,2.40,2.35
2012.12.17 12:39:13.444,5.60627,5.60717,2.03,1.32
2012.12.17 12:39:14.005,5.60627,5.60692,2.03,1.29
2012.12.17 12:39:14.183,5.60602,5.60692,2.03,1.29
2012.12.17 12:39:17.704,5.60627,5.60703,2.03,2.50
2012.12.17 12:39:27.629,5.60627,5.60712,2.03,1.49
2012.12.17 12:39:34.566,5.60627,5.60718,2.03,1.38
2012.12.17 12:39:35.084,5.60652,5.60722,2.03,1.20
2012.12.17 12:39:35.144,5.60652,5.60742,2.03,1.13
2012.12.17 12:39:37.984,5.6063,5.6073,2.03,2.25
2012.12.17 12:39:38.044,5.60623,5.6073,2.25,2.25
2012.12.17 12:39:38.494,5.60645,5.60748,2.03,1.72
2012.12.17 12:39:42.685,5.60645,5.60723,2.03,1.44
2012.12.17 12:39:43.102,5.60645,5.60739,2.03,1.32
2012.12.17 12:39:44.193,5.60617,5.60726,2.73,2.25
2012.12.17 12:39:44.253,5.60628,5.60726,2.50,2.03
2012.12.17 12:39:44.314,5.6065,5.60755,2.03,1.29
2012.12.17 12:39:45.225,5.6065,5.60759,2.86,2.03
2012.12.17 12:39:55.173,5.6065,5.60753,2.03,1.33
2012.12.17 12:39:55.676,5.6066,5.6075,2.03,1.52
2012.12.17 12:39:56.054,5.6066,5.60762,2.03,1.32
2012.12.17 12:40:06.208,5.6066,5.60754,2.03,3.08
2012.12.17 12:40:06.555,5.6066,5.60744,2.03,1.63
2012.12.17 12:40:07.484,5.60638,5.60743,2.03,1.63
2012.12.17 12:40:07.796,5.60638,5.60721,2.03,2.03
2012.12.17 12:40:08.165,5.60612,5.60721,2.03,2.66
2012.12.17 12:40:08.377,5.60612,5.60703,2.03,1.02
2012.12.17 12:40:15.645,5.60589,5.60694,2.03,2.55
2012.12.17 12:40:15.766,5.60585,5.60694,2.25,2.55
2012.12.17 12:40:16.265,5.60585,5.60673,2.03,1.04
2012.12.17 12:40:19.555,5.60563,5.60672,4.28,2.57
2012.12.17 12:40:47.514,5.60567,5.60674,3.38,2.03
2012.12.17 12:40:47.634,5.60567,5.60674,2.03,2.64
2012.12.17 12:40:50.465,5.60567,5.60663,2.03,1.73
2012.12.17 12:40:50.906,5.60544,5.60652,2.25,1.08
2012.12.17 12:40:55.165,5.60544,5.60632,2.03,1.44
2012.12.17 12:41:00.674,5.60521,5.60628,2.25,2.91
2012.12.17 12:41:05.294,5.60521,5.60623,2.03,1.33
2012.12.17 12:41:18.442,5.60569,5.60651,2.03,2.78
2012.12.17 12:41:18.594,5.60569,5.60663,2.03,1.20
2012.12.17 12:41:18.855,5.60569,5.60642,2.03,1.35
2012.12.17 12:41:19.224,5.60569,5.60652,2.03,1.33
2012.12.17 12:41:20.596,5.60569,5.60643,2.03,1.24
2012.12.17 12:41:20.906,5.60542,5.60643,2.03,1.24
2012.12.17 12:41:20.974,5.60542,5.60612,2.03,1.08
2012.12.17 12:41:21.396,5.60542,5.60633,2.03,2.15
2012.12.17 12:41:25.496,5.60542,5.60612,2.03,1.40
2012.12.17 12:41:25.795,5.60542,5.60632,2.03,1.13
2012.12.17 12:41:26.804,5.60542,5.60613,2.03,1.11
2012.12.17 12:41:27.664,5.60518,5.60613,2.03,1.11
2012.12.17 12:41:27.724,5.60518,5.60592,2.03,1.44
2012.12.17 12:41:36.204,5.60518,5.60573,2.03,1.35
2012.12.17 12:41:37.133,5.60486,5.60573,2.03,1.35
2012.12.17 12:41:46.297,5.60462,5.60562,2.03,1.33
2012.12.17 12:41:46.725,5.6044,5.60548,2.25,2.55
2012.12.17 12:41:46.845,5.6044,5.60533,2.03,1.29
2012.12.17 12:41:53.705,5.60418,5.60527,2.03,2.68
2012.12.17 12:41:54.049,5.60418,5.60503,2.03,1.22
2012.12.17 12:41:58.824,5.60396,5.60503,2.25,1.22
2012.12.17 12:42:01.576,5.6042,5.60503,2.03,1.22
2012.12.17 12:42:02.215,5.60444,5.60503,2.03,1.22
2012.12.17 12:42:02.347,5.60444,5.60523,2.03,1.38
2012.12.17 12:42:03.274,5.60444,5.60492,2.03,1.17
2012.12.17 12:42:03.334,5.60418,5.60492,2.03,1.17
2012.12.17 12:42:03.395,5.60418,5.60516,2.03,1.32
2012.12.17 12:42:03.516,5.60417,5.60483,2.25,2.03
2012.12.17 12:42:03.834,5.60441,5.60523,2.03,1.13
2012.12.17 12:42:04.934,5.60416,5.60482,2.03,1.26
2012.12.17 12:42:08.547,5.60395,5.60482,2.03,1.26
2012.12.17 12:42:08.619,5.60369,5.60478,2.25,2.84
2012.12.17 12:42:08.806,5.60369,5.60453,2.03,1.20
2012.12.17 12:42:09.175,5.60369,5.60453,2.78,1.20
2012.12.17 12:42:09.235,5.60388,5.60478,1.08,2.03
2012.12.17 12:42:09.355,5.60396,5.60491,2.63,1.73
2012.12.17 12:42:09.415,5.60396,5.60503,2.63,2.25
2012.12.17 12:42:09.684,5.60396,5.60493,2.40,1.20
2012.12.17 12:42:17.591,5.60396,5.60483,2.03,1.01
2012.12.17 12:42:18.073,5.60396,5.60442,2.03,1.44
2012.12.17 12:42:18.144,5.60372,5.60442,2.03,1.44
2012.12.17 12:42:19.664,5.60372,5.60443,2.03,1.40
2012.12.17 12:42:19.724,5.60338,5.60443,2.03,1.40
2012.12.17 12:42:22.799,5.60338,5.60443,2.78,1.40
2012.12.17 12:42:22.984,5.60357,5.60447,1.78,2.03
2012.12.17 12:42:23.104,5.60366,5.60472,2.63,2.25
2012.12.17 12:42:23.224,5.60389,5.60493,2.03,1.24
2012.12.17 12:42:24.954,5.60411,5.60493,2.03,1.24
2012.12.17 12:42:30.294,5.60411,5.60459,2.03,2.40
2012.12.17 12:42:30.535,5.60315,5.60403,2.03,1.33
2012.12.17 12:42:32.174,5.60315,5.60403,2.78,1.33
2012.12.17 12:42:32.235,5.60359,5.60461,2.03,1.36
2012.12.17 12:42:32.704,5.60383,5.60462,2.03,1.08
2012.12.17 12:42:47.275,5.60383,5.60443,2.03,1.73
2012.12.17 12:42:52.784,5.60386,5.60443,2.03,1.73
2012.12.17 12:42:56.066,5.60386,5.60457,2.03,1.50
2012.12.17 12:43:01.465,5.60386,5.60443,2.03,1.58
2012.12.17 12:43:02.335,5.60386,5.60457,2.03,2.70
2012.12.17 12:43:05.975,5.60386,5.60444,2.03,2.18
2012.12.17 12:43:10.884,5.60362,5.60444,2.03,2.40
2012.12.17 12:43:12.695,5.60362,5.60435,2.03,2.25
2012.12.17 12:43:13.000,5.60362,5.60433,2.03,1.63
2012.12.17 12:43:13.325,5.60362,5.60413,2.03,1.31
2012.12.17 12:43:13.637,5.6034,5.60372,2.03,1.88
2012.12.17 12:43:13.706,5.60291,5.60372,2.03,1.88
2012.12.17 12:43:14.340,5.60291,5.60358,2.03,2.55
2012.12.17 12:43:14.674,5.60291,5.60373,2.03,1.41
2012.12.17 12:43:21.229,5.60291,5.60363,2.03,1.17
2012.12.17 12:43:22.276,5.60291,5.60364,2.03,1.50
2012.12.17 12:43:26.751,5.60295,5.60373,2.03,1.02
2012.12.17 12:43:26.876,5.60295,5.60391,2.25,1.35
2012.12.17 12:43:26.995,5.60295,5.60381,2.03,2.40
2012.12.17 12:43:31.655,5.60272,5.60379,2.03,3.00
2012.12.17 12:43:31.714,5.60272,5.60362,2.03,1.08
2012.12.17 12:43:34.894,5.60272,5.60342,2.03,1.08
2012.12.17 12:43:35.386,5.60272,5.60352,2.03,1.29
2012.12.17 12:43:36.471,5.6027,5.60343,2.03,1.61
2012.12.17 12:43:37.873,5.60216,5.60323,5.03,1.43
2012.12.17 12:43:37.995,5.60216,5.60318,5.03,2.48
2012.12.17 12:43:38.117,5.60216,5.60318,4.28,2.48
2012.12.17 12:43:38.185,5.60216,5.60308,4.05,1.29
2012.12.17 12:43:38.695,5.60217,5.60307,2.03,1.29
2012.12.17 12:43:39.100,5.60217,5.60302,2.78,1.29
2012.12.17 12:43:39.316,5.60212,5.60314,2.03,1.52
2012.12.17 12:43:39.644,5.60212,5.60297,2.03,2.55
2012.12.17 12:43:40.228,5.60212,5.60287,2.03,1.63
2012.12.17 12:43:42.766,5.60212,5.60275,2.03,3.15
2012.12.17 12:43:43.067,5.60192,5.60264,2.03,1.65
2012.12.17 12:43:43.605,5.60192,5.60243,2.03,1.52
2012.12.17 12:43:43.676,5.60212,5.60253,2.03,3.12
2012.12.17 12:43:46.104,5.60212,5.60282,2.03,1.56
2012.12.17 12:43:57.957,5.60212,5.60302,2.03,2.81
2012.12.17 12:43:58.312,5.60212,5.6031,2.40,1.61
2012.12.17 12:43:58.398,5.60236,5.60342,2.25,1.33
2012.12.17 12:43:59.806,5.60236,5.60332,2.03,1.06
2012.12.17 12:44:00.374,5.60236,5.60333,2.03,1.51
2012.12.17 12:44:00.494,5.60213,5.60318,2.40,2.48
2012.12.17 12:44:01.745,5.60229,5.60318,1.35,2.03
2012.12.17 12:44:01.804,5.60236,5.60343,2.25,3.00
2012.12.17 12:44:01.863,5.60236,5.60343,2.25,2.25
2012.12.17 12:44:14.807,5.60236,5.60343,2.25,3.00
2012.12.17 12:44:18.985,5.60236,5.6034,2.25,1.50
2012.12.17 12:44:19.397,5.60236,5.60313,2.03,1.49
2012.12.17 12:44:19.525,5.60213,5.60305,2.03,1.63
2012.12.17 12:44:19.585,5.6021,5.60305,2.03,1.63
2012.12.17 12:44:21.720,5.6021,5.60315,2.25,2.63
2012.12.17 12:44:21.787,5.6021,5.60318,2.25,2.25
2012.12.17 12:44:22.377,5.60232,5.60323,2.03,1.23
2012.12.17 12:44:22.765,5.60232,5.60332,2.40,2.19
2012.12.17 12:44:23.006,5.60257,5.60352,2.03,1.99
2012.12.17 12:44:23.126,5.60257,5.60323,2.03,1.04
2012.12.17 12:44:23.184,5.60231,5.60323,2.40,1.04
2012.12.17 12:44:23.355,5.60231,5.60323,2.03,1.04
2012.12.17 12:44:30.666,5.60231,5.60323,2.40,1.04
2012.12.17 12:44:30.934,5.60255,5.60352,2.03,1.23
2012.12.17 12:44:35.086,5.60255,5.60333,2.03,1.73
2012.12.17 12:44:35.154,5.6023,5.60333,2.25,1.73
2012.12.17 12:44:35.216,5.6023,5.60313,2.03,1.17
2012.12.17 12:44:35.767,5.6023,5.60312,2.03,1.63
2012.12.17 12:44:35.894,5.60202,5.60305,2.03,1.63
2012.12.17 12:44:37.135,5.60202,5.60272,2.03,1.11
2012.12.17 12:44:37.894,5.60179,5.60272,2.78,1.11
2012.12.17 12:44:38.446,5.60177,5.60272,2.03,1.11
2012.12.17 12:44:39.424,5.60177,5.60252,2.03,1.35
2012.12.17 12:44:41.945,5.60177,5.60286,2.03,3.17
2012.12.17 12:44:42.007,5.60184,5.60262,2.55,2.25
2012.12.17 12:44:42.137,5.60187,5.60289,1.35,2.25
2012.12.17 12:44:42.205,5.60206,5.60303,2.03,1.26
2012.12.17 12:44:42.536,5.60207,5.60313,1.36,2.03
2012.12.17 12:44:42.595,5.60228,5.60324,2.03,1.35
2012.12.17 12:44:42.656,5.60228,5.60328,2.03,1.35
2012.12.17 12:44:44.475,5.60249,5.60333,2.03,1.23
2012.12.17 12:44:44.852,5.60249,5.60353,2.03,1.30
2012.12.17 12:44:45.436,5.60249,5.60358,2.03,2.95
2012.12.17 12:44:54.015,5.60249,5.60358,2.03,2.25
2012.12.17 12:44:57.724,5.60272,5.60372,2.03,1.02
2012.12.17 12:44:57.845,5.60272,5.60379,2.25,1.27
2012.12.17 12:44:57.965,5.60272,5.60362,2.03,1.24
2012.12.17 12:44:58.355,5.6025,5.60359,2.25,2.82
2012.12.17 12:45:03.286,5.60276,5.60362,2.03,1.24
2012.12.17 12:45:03.408,5.60246,5.60343,1.27,2.25
2012.12.17 12:45:03.477,5.60258,5.60339,1.51,2.03
2012.12.17 12:45:03.855,5.60258,5.60315,1.51,2.03
2012.12.17 12:45:03.916,5.60248,5.60315,1.04,2.03
2012.12.17 12:45:04.044,5.60228,5.60315,1.54,2.03
2012.12.17 12:45:04.605,5.60257,5.60315,1.29,2.03
2012.12.17 12:45:04.735,5.60257,5.60343,1.29,2.03
2012.12.17 12:45:04.856,5.60277,5.60343,1.95,2.03
2012.12.17 12:45:04.976,5.60277,5.60365,1.95,2.03
2012.12.17 12:45:05.229,5.60297,5.60365,1.20,2.03
2012.12.17 12:45:05.357,5.60297,5.60393,1.20,2.03
2012.12.17 12:45:05.549,5.60286,5.60393,2.61,2.66
2012.12.17 12:45:07.735,5.60273,5.60375,1.68,2.03
2012.12.17 12:45:08.916,5.60267,5.60375,1.50,2.03
2012.12.17 12:45:08.990,5.60262,5.60375,2.03,2.75
2012.12.17 12:45:09.296,5.60243,5.60339,2.48,2.03
2012.12.17 12:45:09.614,5.60232,5.60322,2.03,1.26
2012.12.17 12:45:09.843,5.60209,5.60314,2.78,2.64
2012.12.17 12:45:10.134,5.6021,5.60314,1.50,2.64
2012.12.17 12:45:10.444,5.60206,5.60289,2.18,2.03
2012.12.17 12:45:11.887,5.60206,5.60308,2.18,2.50
2012.12.17 12:45:18.996,5.60222,5.60331,2.78,4.50
2012.12.17 12:45:19.069,5.6023,5.60331,1.95,2.03
2012.12.17 12:45:19.197,5.60253,5.60353,2.78,3.13
2012.12.17 12:45:19.626,5.60233,5.60338,1.50,2.63
2012.12.17 12:45:19.696,5.60233,5.60323,1.50,1.22
2012.12.17 12:45:19.875,5.60231,5.60323,2.03,1.22
2012.12.17 12:45:20.244,5.60231,5.60337,2.03,1.12
2012.12.17 12:45:20.307,5.60231,5.60337,2.78,1.12
2012.12.17 12:45:23.802,5.60231,5.60323,2.78,1.42
2012.12.17 12:45:23.933,5.60231,5.60323,2.03,1.42
2012.12.17 12:45:26.164,5.60231,5.60337,2.03,1.21
2012.12.17 12:45:26.327,5.60231,5.60337,2.78,1.21
2012.12.17 12:45:26.656,5.60231,5.60333,2.78,1.17
2012.12.17 12:45:26.774,5.60231,5.60333,2.03,1.17
2012.12.17 12:45:26.906,5.60209,5.60316,2.78,2.25
2012.12.17 12:45:31.194,5.60209,5.60312,2.78,1.47
2012.12.17 12:45:31.265,5.60209,5.60312,2.03,1.47
2012.12.17 12:45:41.284,5.60209,5.60312,4.65,1.47
2012.12.17 12:45:41.467,5.60209,5.60316,4.80,2.25
2012.12.17 12:45:43.406,5.60222,5.60316,2.03,2.25
2012.12.17 12:45:43.911,5.60221,5.60328,2.03,3.32
2012.12.17 12:45:47.514,5.60221,5.60303,2.03,1.08
2012.12.17 12:45:50.045,5.60221,5.60328,2.03,2.88
2012.12.17 12:45:51.155,5.60252,5.60333,2.03,1.49
2012.12.17 12:45:51.215,5.60252,5.60361,2.03,3.00
2012.12.17 12:45:52.255,5.60229,5.60338,2.03,2.03
2012.12.17 12:45:52.316,5.60229,5.60338,2.03,2.25
2012.12.17 12:45:53.766,5.60229,5.60338,2.03,2.03
2012.12.17 12:45:54.039,5.60254,5.6036,2.03,3.00
2012.12.17 12:45:58.406,5.60233,5.6034,2.03,2.03
2012.12.17 12:46:00.054,5.60233,5.6034,2.78,2.03
2012.12.17 12:46:05.966,5.60259,5.60366,2.03,2.52
2012.12.17 12:46:06.087,5.60259,5.60366,2.03,2.03
2012.12.17 12:46:09.624,5.60265,5.60366,2.03,2.03
2012.12.17 12:46:09.976,5.60251,5.60356,2.03,1.34
2012.12.17 12:46:13.504,5.60231,5.60337,2.03,2.03
2012.12.17 12:46:16.504,5.60231,5.60337,2.03,2.79
2012.12.17 12:46:16.565,5.60208,5.60313,2.78,2.03
2012.12.17 12:46:16.686,5.60206,5.60313,2.03,2.03
2012.12.17 12:46:18.024,5.602,5.60291,2.33,2.03
2012.12.17 12:46:18.086,5.60205,5.60312,2.78,2.03
2012.12.17 12:46:18.555,5.60205,5.60312,2.03,2.03
2012.12.17 12:46:20.962,5.60205,5.60292,2.03,1.13
2012.12.17 12:46:21.146,5.60182,5.60269,2.03,2.25
2012.12.17 12:46:21.205,5.60162,5.60269,2.03,2.25
2012.12.17 12:46:39.374,5.60162,5.60263,2.03,1.26
2012.12.17 12:46:41.084,5.6015,5.60257,2.03,2.64
2012.12.17 12:46:52.225,5.60127,5.60235,1.50,2.03
2012.12.17 12:46:52.284,5.60157,5.60264,2.03,2.63
2012.12.17 12:47:01.934,5.60157,5.60264,2.03,2.63
2012.12.17 12:47:02.294,5.60157,5.60253,2.03,1.77
2012.12.17 12:47:13.205,5.60141,5.60248,2.03,2.77
2012.12.17 12:47:31.066,5.60114,5.60221,2.03,2.03
2012.12.17 12:47:31.125,5.60114,5.60221,2.03,2.25
2012.12.17 12:47:31.735,5.60118,5.60221,2.40,2.03
2012.12.17 12:47:31.795,5.60142,5.60249,2.03,2.03
2012.12.17 12:47:36.695,5.60142,5.60249,2.03,3.24
2012.12.17 12:47:36.824,5.60115,5.60224,2.03,2.03
2012.12.17 12:47:38.390,5.60115,5.60224,2.03,2.40
2012.12.17 12:47:38.694,5.60093,5.602,2.03,2.25
2012.12.17 12:47:39.426,5.60077,5.60176,2.40,2.03
2012.12.17 12:47:39.605,5.60067,5.60176,2.78,2.25
2012.12.17 12:47:40.715,5.60067,5.60176,2.78,2.03
2012.12.17 12:47:40.774,5.60073,5.60182,2.03,2.03
2012.12.17 12:47:40.894,5.60082,5.60182,2.33,2.03
2012.12.17 12:47:41.544,5.60103,5.60182,2.25,2.03
2012.12.17 12:47:41.815,5.60103,5.60203,2.25,2.03
2012.12.17 12:47:42.414,5.60096,5.60203,2.78,2.03
2012.12.17 12:47:42.474,5.60096,5.60202,2.78,1.11
2012.12.17 12:47:42.535,5.60096,5.60202,2.03,1.11
2012.12.17 12:47:42.835,5.60072,5.60178,2.33,2.03
2012.12.17 12:48:03.044,5.60084,5.6019,2.03,2.25
2012.12.17 12:48:09.429,5.60088,5.6019,2.03,3.00
2012.12.17 12:48:09.866,5.60111,5.60192,2.03,1.56
2012.12.17 12:48:13.486,5.60071,5.60187,1.13,2.03
2012.12.17 12:48:13.607,5.60122,5.60208,2.03,1.65
2012.12.17 12:48:13.668,5.60122,5.60231,2.03,2.48
2012.12.17 12:48:13.735,5.60122,5.60237,2.03,1.32
2012.12.17 12:48:15.375,5.60122,5.60222,2.03,2.03
2012.12.17 12:48:15.756,5.60122,5.60212,2.03,1.63
2012.12.17 12:48:15.876,5.60101,5.60211,2.03,1.26
2012.12.17 12:48:36.006,5.60108,5.60213,2.03,1.26
2012.12.17 12:48:36.214,5.60087,5.60192,1.65,2.03
2012.12.17 12:48:36.334,5.60102,5.60192,1.58,2.03
2012.12.17 12:48:36.667,5.6013,5.60216,2.03,2.03
2012.12.17 12:48:36.726,5.6013,5.60236,2.03,2.88
2012.12.17 12:48:36.984,5.60153,5.60242,2.03,1.47
2012.12.17 12:48:37.285,5.6013,5.60233,2.03,2.88
2012.12.17 12:48:37.345,5.60127,5.60233,2.03,2.88
2012.12.17 12:48:38.155,5.60127,5.60212,2.03,1.13
2012.12.17 12:48:41.072,5.60102,5.60208,2.03,1.63
2012.12.17 12:48:41.326,5.60102,5.60192,2.03,1.42
2012.12.17 12:48:41.446,5.60079,5.60179,2.03,2.52
2012.12.17 12:48:42.514,5.60073,5.60179,2.78,2.52
2012.12.17 12:48:48.505,5.60073,5.60179,2.78,2.03
2012.12.17 12:48:48.565,5.6007,5.60158,2.78,2.03
2012.12.17 12:48:48.625,5.60093,5.602,2.03,3.00
2012.12.17 12:48:56.175,5.60094,5.602,2.03,2.63
2012.12.17 12:48:56.235,5.60118,5.60173,2.03,1.15
2012.12.17 12:48:56.357,5.60083,5.60173,2.03,1.15
2012.12.17 12:49:02.958,5.60056,5.60165,3.68,2.79
2012.12.17 12:49:03.275,5.60076,5.60173,2.03,1.15
2012.12.17 12:49:04.495,5.60056,5.60167,1.65,2.79
2012.12.17 12:49:04.555,5.60053,5.60167,2.78,2.79
2012.12.17 12:49:06.708,5.60057,5.60167,1.50,2.79
2012.12.17 12:49:06.957,5.60057,5.60167,1.50,2.03
2012.12.17 12:49:07.134,5.60069,5.60167,1.65,2.03
2012.12.17 12:49:07.375,5.60078,5.60187,2.78,2.25
2012.12.17 12:49:18.475,5.60084,5.60187,2.70,2.25
2012.12.17 12:49:18.595,5.60101,5.60208,2.03,2.40
2012.12.17 12:49:21.576,5.60128,5.60222,2.03,1.19
2012.12.17 12:49:24.584,5.60102,5.60211,2.03,2.88
2012.12.17 12:49:34.471,5.60102,5.60211,2.03,2.03
2012.12.17 12:49:35.503,5.60125,5.60232,2.03,3.13
2012.12.17 12:49:37.039,5.60125,5.60213,2.03,1.44
2012.12.17 12:49:38.895,5.60101,5.60203,4.05,1.26
2012.12.17 12:49:40.086,5.60101,5.60209,2.03,2.03
2012.12.17 12:49:40.206,5.60124,5.60232,2.03,3.00
2012.12.17 12:49:40.268,5.60124,5.60232,2.03,2.25
2012.12.17 12:49:40.755,5.60147,5.60252,2.03,1.75
2012.12.17 12:49:55.248,5.6013,5.60233,2.03,1.47
2012.12.17 12:49:55.776,5.6013,5.60239,2.03,2.25
2012.12.17 12:49:56.074,5.60108,5.60207,2.78,2.03
2012.12.17 12:49:56.154,5.6013,5.60237,2.03,2.25
2012.12.17 12:49:59.285,5.6013,5.60237,2.78,2.25
2012.12.17 12:50:01.557,5.60161,5.60253,2.03,1.02
2012.12.17 12:50:01.735,5.6013,5.60239,2.78,2.25
2012.12.17 12:50:01.795,5.6013,5.60239,2.03,2.25
2012.12.17 12:50:03.095,5.60108,5.60217,6.38,2.03
2012.12.17 12:50:03.655,5.60109,5.60217,2.48,2.03
2012.12.17 12:50:04.027,5.60118,5.60217,1.88,2.03
2012.12.17 12:50:15.474,5.60133,5.60239,2.03,2.25
2012.12.17 12:50:21.676,5.60133,5.6024,2.78,2.25
2012.12.17 12:50:21.820,5.60155,5.60264,2.03,2.63
2012.12.17 12:50:26.085,5.60178,5.60282,2.03,1.20
2012.12.17 12:50:26.145,5.60178,5.60287,2.03,2.03
2012.12.17 12:50:28.247,5.60183,5.60299,2.03,3.00
2012.12.17 12:50:29.610,5.60183,5.60295,2.03,3.00
2012.12.17 12:50:30.155,5.60183,5.60281,2.03,2.03
2012.12.17 12:50:30.335,5.60184,5.60298,2.03,2.25
2012.12.17 12:50:31.623,5.60184,5.60298,2.03,2.86
2012.12.17 12:50:34.938,5.60211,5.60302,2.03,1.47
2012.12.17 12:50:37.755,5.60197,5.6029,2.03,1.20
2012.12.17 12:50:40.907,5.60171,5.60281,2.03,1.35
2012.12.17 12:50:41.595,5.60171,5.60272,2.03,1.32
2012.12.17 12:50:43.465,5.60171,5.60273,2.03,1.19
2012.12.17 12:50:53.781,5.60171,5.60273,2.03,1.77
2012.12.17 12:50:56.805,5.60171,5.60283,2.03,1.13
2012.12.17 12:50:57.136,5.60185,5.60283,2.03,1.13
2012.12.17 12:51:04.944,5.60185,5.60311,2.03,4.13
2012.12.17 12:51:05.734,5.60185,5.60311,2.78,2.25
2012.12.17 12:51:08.495,5.60206,5.60326,2.03,2.27
2012.12.17 12:51:12.645,5.60206,5.60322,2.03,1.14
2012.12.17 12:51:12.705,5.60184,5.60307,2.03,1.35
2012.12.17 12:51:12.765,5.60184,5.60282,2.03,1.17
2012.12.17 12:51:13.416,5.60184,5.60298,2.03,1.35
2012.12.17 12:51:13.476,5.60172,5.60275,2.10,2.03
2012.12.17 12:51:13.595,5.60188,5.60299,2.03,2.63
2012.12.17 12:51:15.297,5.60194,5.60312,1.80,1.26
2012.12.17 12:51:15.359,5.602,5.60316,2.78,2.03
2012.12.17 12:51:15.641,5.60223,5.60312,2.03,1.22
2012.12.17 12:51:15.947,5.60185,5.60292,2.03,1.13
2012.12.17 12:51:18.045,5.60207,5.60292,2.03,1.13
2012.12.17 12:51:18.106,5.60207,5.60305,2.03,1.21
2012.12.17 12:51:28.306,5.60207,5.60303,2.25,1.26
2012.12.17 12:51:28.627,5.60179,5.60269,2.18,2.88
2012.12.17 12:51:28.816,5.60179,5.60269,2.18,2.03
2012.12.17 12:51:28.996,5.60159,5.60269,1.32,2.03
2012.12.17 12:51:30.335,5.60173,5.60286,2.25,2.82
2012.12.17 12:51:39.583,5.60173,5.60286,2.63,2.82
2012.12.17 12:51:39.705,5.60218,5.60286,1.42,2.03
2012.12.17 12:51:39.825,5.60218,5.60309,1.42,2.03
2012.12.17 12:51:41.683,5.60218,5.60329,3.45,2.25
2012.12.17 12:51:46.455,5.60227,5.60329,1.02,2.03
2012.12.17 12:51:46.515,5.60241,5.60342,2.55,1.73
2012.12.17 12:51:46.755,5.60241,5.60352,2.52,1.88
2012.12.17 12:51:46.875,5.60241,5.60342,2.03,1.50
2012.12.17 12:51:46.995,5.60241,5.60283,2.03,1.19
2012.12.17 12:51:47.055,5.60202,5.60283,2.03,1.19
2012.12.17 12:51:50.487,5.60176,5.60283,2.50,1.19
2012.12.17 12:51:52.116,5.60176,5.60285,2.50,2.84
2012.12.17 12:51:58.045,5.60217,5.60285,1.11,2.03
2012.12.17 12:51:58.106,5.60217,5.60306,1.11,2.03
2012.12.17 12:51:58.165,5.60236,5.60329,2.25,1.73
2012.12.17 12:51:58.285,5.60237,5.60329,1.60,1.50
2012.12.17 12:51:58.589,5.60237,5.60329,1.60,2.03
2012.12.17 12:51:58.806,5.60228,5.60329,1.02,2.03
2012.12.17 12:51:58.877,5.60247,5.60329,1.29,2.03
2012.12.17 12:51:59.986,5.60269,5.60352,2.03,1.44
2012.12.17 12:52:00.046,5.60225,5.60332,2.59,2.50
2012.12.17 12:52:10.205,5.60258,5.60309,1.04,2.03
2012.12.17 12:52:10.266,5.60258,5.60347,1.04,2.03
2012.12.17 12:52:17.486,5.60317,5.60369,1.31,2.03
2012.12.17 12:52:17.547,5.60317,5.60382,1.31,2.03
2012.12.17 12:52:18.685,5.60287,5.60382,1.41,2.03
2012.12.17 12:52:18.805,5.60287,5.60382,1.41,2.40
2012.12.17 12:52:19.046,5.60247,5.60356,2.48,2.52
2012.12.17 12:52:19.646,5.6024,5.60328,1.20,2.03
2012.12.17 12:52:39.338,5.60247,5.6035,1.20,2.25
2012.12.17 12:52:39.455,5.60241,5.60342,2.78,1.22
2012.12.17 12:52:39.515,5.60228,5.60324,1.56,2.25
2012.12.17 12:52:43.876,5.60224,5.60323,2.63,1.44
2012.12.17 12:52:43.936,5.60215,5.60323,2.03,1.44
2012.12.17 12:52:44.366,5.60202,5.60299,1.73,2.03
2012.12.17 12:52:49.465,5.60229,5.60299,1.80,2.03
2012.12.17 12:52:49.586,5.60238,5.60321,1.34,2.03
2012.12.17 12:52:49.769,5.60244,5.60332,2.03,1.01
2012.12.17 12:52:49.897,5.60193,5.60302,3.00,2.25
2012.12.17 12:52:50.457,5.60193,5.60302,3.00,2.25
2012.12.17 12:52:50.935,5.60193,5.60302,3.00,2.25
2012.12.17 12:52:57.390,5.60193,5.60273,2.78,1.20
2012.12.17 12:52:57.640,5.60171,5.60278,2.86,2.40
2012.12.17 12:52:57.767,5.60171,5.6027,2.03,3.00
2012.12.17 12:52:58.196,5.60171,5.6027,2.25,2.03
2012.12.17 12:52:59.178,5.60157,5.60247,1.77,2.03
2012.12.17 12:52:59.315,5.60167,5.60271,1.54,2.03
2012.12.17 12:53:00.486,5.60164,5.60271,2.03,3.00
2012.12.17 12:53:10.536,5.60148,5.6025,1.43,2.25
2012.12.17 12:53:11.740,5.60164,5.60271,2.03,3.00
2012.12.17 12:53:12.857,5.60168,5.60271,1.42,2.03
2012.12.17 12:53:14.059,5.60189,5.60296,2.03,2.86
2012.12.17 12:53:14.841,5.60189,5.60296,2.86,2.03
2012.12.17 12:53:16.033,5.60218,5.60319,1.49,2.78
2012.12.17 12:53:16.099,5.60218,5.60319,1.49,2.03
2012.12.17 12:53:16.167,5.60233,5.60342,2.70,3.52
2012.12.17 12:53:21.447,5.60233,5.60342,2.03,2.93
2012.12.17 12:53:22.482,5.60212,5.60319,2.86,2.03
2012.12.17 12:53:24.165,5.60212,5.60313,2.86,2.40
2012.12.17 12:53:24.285,5.60188,5.60291,2.25,2.25
2012.12.17 12:53:25.376,5.60215,5.60312,2.03,1.35
2012.12.17 12:53:25.736,5.60187,5.60294,2.25,1.74
2012.12.17 12:53:27.726,5.60168,5.60259,1.23,2.03
2012.12.17 12:53:27.786,5.60194,5.60303,2.03,3.54
2012.12.17 12:53:27.846,5.60194,5.60303,2.97,2.25
2012.12.17 12:53:29.475,5.60194,5.60293,2.03,1.33
2012.12.17 12:53:31.246,5.60172,5.60279,2.57,2.25
2012.12.17 12:53:31.490,5.60172,5.60272,2.03,1.51
2012.12.17 12:53:31.736,5.60149,5.60256,2.25,2.25
2012.12.17 12:53:31.829,5.60149,5.60256,2.25,3.00
2012.12.17 12:53:32.547,5.60149,5.60253,2.03,1.25
2012.12.17 12:53:32.726,5.60149,5.60248,2.03,2.78
2012.12.17 12:53:32.786,5.60127,5.60235,2.61,2.03
2012.12.17 12:53:34.594,5.60127,5.60235,2.61,2.78
2012.12.17 12:53:34.926,5.60127,5.60193,2.03,1.02
2012.12.17 12:53:35.455,5.60105,5.60193,2.03,1.02
2012.12.17 12:53:35.914,5.60084,5.60153,2.03,1.15
2012.12.17 12:53:36.316,5.60062,5.60153,4.05,1.15
2012.12.17 12:53:39.749,5.60062,5.60156,2.03,1.08
2012.12.17 12:53:40.226,5.60057,5.60133,1.35,2.03
2012.12.17 12:53:40.345,5.60076,5.60156,2.25,2.03
2012.12.17 12:53:40.405,5.60076,5.60184,2.25,2.25
2012.12.17 12:53:42.686,5.60076,5.60184,2.03,3.02
2012.12.17 12:53:42.989,5.6008,5.60187,2.25,2.55
2012.12.17 12:53:45.467,5.6008,5.60187,3.90,2.55
2012.12.17 12:53:46.247,5.6008,5.60187,2.25,2.55
2012.12.17 12:53:55.139,5.60138,5.60187,1.06,2.03
2012.12.17 12:53:55.266,5.60138,5.6021,1.06,2.03
2012.12.17 12:53:55.327,5.60138,5.60214,1.06,2.03
2012.12.17 12:53:55.628,5.60158,5.60214,1.47,2.03
2012.12.17 12:53:56.897,5.60157,5.60214,1.62,2.03
2012.12.17 12:53:56.957,5.60157,5.60242,1.62,2.03
2012.12.17 12:53:57.439,5.60168,5.60242,1.40,2.03
2012.12.17 12:53:57.838,5.60168,5.60264,1.40,2.03
2012.12.17 12:53:58.897,5.60187,5.60264,1.13,2.03
2012.12.17 12:53:59.136,5.60168,5.60238,1.02,2.03
2012.12.17 12:54:01.236,5.60168,5.60237,1.02,1.95
2012.12.17 12:54:01.356,5.6012,5.60221,1.25,2.03
2012.12.17 12:54:02.015,5.60112,5.60221,2.79,2.25
2012.12.17 12:54:02.447,5.60108,5.60195,1.42,2.03
2012.12.17 12:54:03.416,5.60086,5.60195,3.00,2.25
2012.12.17 12:54:03.536,5.60086,5.60195,2.25,2.25
2012.12.17 12:54:05.736,5.60086,5.60195,4.43,2.25
2012.12.17 12:54:06.096,5.60097,5.60195,1.20,2.03
2012.12.17 12:54:09.436,5.60122,5.60223,2.03,1.89
2012.12.17 12:54:09.697,5.60122,5.60207,2.03,1.26
2012.12.17 12:54:13.496,5.60138,5.60238,1.35,2.78
2012.12.17 12:54:13.555,5.60138,5.60238,1.35,2.03
2012.12.17 12:54:13.676,5.60138,5.60238,1.35,2.78
2012.12.17 12:54:13.736,5.60122,5.60207,2.78,1.37
2012.12.17 12:54:13.795,5.60122,5.60207,2.03,1.37
2012.12.17 12:54:13.855,5.60122,5.60203,2.40,1.74
2012.12.17 12:54:14.095,5.60148,5.60238,1.24,2.03
2012.12.17 12:54:15.288,5.60177,5.60238,1.26,2.03
2012.12.17 12:54:15.356,5.60177,5.60257,1.26,2.03
2012.12.17 12:54:15.416,5.60177,5.60276,1.26,1.50
2012.12.17 12:54:15.535,5.60177,5.60278,1.26,2.03
2012.12.17 12:54:15.815,5.60168,5.60278,1.08,2.25
2012.12.17 12:54:15.997,5.60177,5.60278,1.08,2.03
2012.12.17 12:54:16.435,5.60187,5.60278,1.26,2.03
2012.12.17 12:54:20.666,5.60194,5.60302,2.91,2.03
2012.12.17 12:54:20.734,5.60194,5.60309,2.91,2.40
2012.12.17 12:54:24.405,5.60194,5.60308,2.68,1.19
2012.12.17 12:54:24.855,5.60187,5.60287,1.22,2.03
2012.12.17 12:54:24.977,5.60177,5.60287,1.59,2.70
2012.12.17 12:54:30.906,5.60172,5.60273,2.03,1.06
2012.12.17 12:54:30.967,5.60158,5.60262,1.73,2.25
2012.12.17 12:54:31.506,5.60157,5.60262,1.38,2.25
2012.12.17 12:54:34.657,5.60167,5.60262,1.61,2.03
2012.12.17 12:54:34.959,5.60156,5.60262,2.25,2.77
