2016.06.06 03:00:00.409,8.17914,8.18297,1.00,1.00
2016.06.06 03:00:02.272,8.17936,8.18297,1.00,1.00
2016.06.06 03:00:02.424,8.17914,8.18298,1.00,1.00
2016.06.06 03:00:17.872,8.17914,8.18278,1.00,1.00
2016.06.06 03:00:27.882,8.17914,8.18288,1.00,1.00
2016.06.06 03:00:29.357,8.17897,8.18283,1.00,1.00
2016.06.06 03:00:29.559,8.1793,8.18288,1.00,1.00
2016.06.06 03:00:37.833,8.1793,8.18298,1.00,1.00
2016.06.06 03:00:38.722,8.17919,8.18298,1.00,1.00
2016.06.06 03:00:38.873,8.17919,8.18328,1.00,1.00
2016.06.06 03:00:38.925,8.17922,8.18338,1.00,1.00
2016.06.06 03:00:39.026,8.17922,8.18348,1.00,1.50
2016.06.06 03:00:39.127,8.17932,8.18348,1.00,1.50
2016.06.06 03:00:39.774,8.17941,8.18348,1.00,1.50
2016.06.06 03:00:40.250,8.17961,8.18347,1.00,1.00
2016.06.06 03:00:45.809,8.17936,8.18322,1.00,1.00
2016.06.06 03:00:48.860,8.17936,8.18318,1.00,1.00
2016.06.06 03:00:50.633,8.17956,8.18318,1.00,1.00
2016.06.06 03:00:56.070,8.17943,8.18318,1.00,1.00
2016.06.06 03:00:56.253,8.17964,8.18318,1.00,1.00
2016.06.06 03:00:57.657,8.17964,8.18317,1.00,1.00
2016.06.06 03:00:57.707,8.17955,8.18317,1.00,1.00
2016.06.06 03:00:57.972,8.17987,8.18317,1.00,1.00
2016.06.06 03:00:58.480,8.17967,8.18317,1.00,1.00
2016.06.06 03:00:58.830,8.17967,8.18348,1.00,1.50
2016.06.06 03:01:00.162,8.1799,8.18348,1.00,1.50
2016.06.06 03:01:00.516,8.17994,8.18348,1.00,1.00
2016.06.06 03:01:00.673,8.17977,8.18348,1.00,1.00
2016.06.06 03:01:03.421,8.17997,8.18348,1.00,1.00
2016.06.06 03:01:07.494,8.18015,8.18348,1.00,1.00
2016.06.06 03:01:08.480,8.17994,8.18348,1.00,1.00
2016.06.06 03:01:08.904,8.17994,8.18368,1.00,1.00
2016.06.06 03:01:11.433,8.18015,8.18368,1.00,1.00
2016.06.06 03:01:13.197,8.17997,8.18368,1.00,1.00
2016.06.06 03:01:15.618,8.17985,8.18368,1.00,1.00
2016.06.06 03:01:15.668,8.18015,8.18368,1.00,1.00
2016.06.06 03:01:19.771,8.18033,8.18368,1.00,1.00
2016.06.06 03:01:20.852,8.18012,8.18368,1.00,1.00
2016.06.06 03:01:25.739,8.18033,8.18368,1.00,1.00
2016.06.06 03:01:38.868,8.18033,8.18387,1.00,1.00
2016.06.06 03:01:43.771,8.18015,8.18387,1.00,1.00
2016.06.06 03:01:44.306,8.18015,8.18388,1.00,1.00
2016.06.06 03:01:45.480,8.18015,8.18387,1.00,1.00
2016.06.06 03:01:45.816,8.18015,8.18378,1.00,1.00
2016.06.06 03:01:45.872,8.17997,8.18378,1.00,1.00
2016.06.06 03:01:46.179,8.17997,8.18383,1.00,1.00
2016.06.06 03:01:46.475,8.17997,8.18378,1.00,1.00
2016.06.06 03:01:47.911,8.1798,8.18364,1.00,1.00
2016.06.06 03:01:48.013,8.1798,8.18348,1.00,1.00
2016.06.06 03:01:56.325,8.17961,8.18348,1.00,1.50
2016.06.06 03:01:56.661,8.17994,8.18348,1.00,1.00
2016.06.06 03:01:56.712,8.17963,8.18348,1.00,1.00
2016.06.06 03:01:57.278,8.18004,8.18348,1.00,1.00
2016.06.06 03:02:04.226,8.18004,8.18347,1.00,1.00
2016.06.06 03:02:05.229,8.18004,8.18348,1.00,1.00
2016.06.06 03:02:07.934,8.18004,8.18368,1.00,1.00
2016.06.06 03:02:17.673,8.1803,8.18408,1.00,1.00
2016.06.06 03:02:17.774,8.17998,8.18408,1.00,1.00
2016.06.06 03:02:17.875,8.17998,8.18418,1.00,1.00
2016.06.06 03:02:17.976,8.17998,8.18428,1.00,1.50
2016.06.06 03:02:18.102,8.18045,8.18428,1.00,1.50
2016.06.06 03:02:18.485,8.18045,8.18417,1.00,1.00
2016.06.06 03:02:18.705,8.18045,8.18428,1.00,1.50
2016.06.06 03:02:19.211,8.18045,8.18427,1.00,1.00
2016.06.06 03:02:26.118,8.18045,8.18428,1.00,1.50
2016.06.06 03:02:37.587,8.18045,8.18408,1.00,1.00
2016.06.06 03:02:47.611,8.18045,8.18418,1.00,1.00
2016.06.06 03:02:57.640,8.18045,8.18408,1.00,1.00
2016.06.06 03:03:08.677,8.18062,8.18408,1.00,1.00
2016.06.06 03:03:10.379,8.18062,8.18407,1.00,1.00
2016.06.06 03:03:10.430,8.18049,8.18407,1.00,1.00
2016.06.06 03:03:10.702,8.18049,8.18458,1.00,1.00
2016.06.06 03:03:11.116,8.18092,8.18458,1.00,1.00
2016.06.06 03:03:11.855,8.18102,8.18458,1.00,1.00
2016.06.06 03:03:16.592,8.18083,8.18458,1.00,1.00
2016.06.06 03:03:17.131,8.18073,8.18458,1.00,1.00
2016.06.06 03:03:19.718,8.18073,8.18457,1.00,1.00
2016.06.06 03:03:19.819,8.18024,8.18457,1.00,1.00
2016.06.06 03:03:19.920,8.18055,8.18441,1.00,1.00
2016.06.06 03:03:24.608,8.18022,8.18448,1.00,1.00
2016.06.06 03:03:24.762,8.18023,8.18437,1.00,1.00
2016.06.06 03:03:24.825,8.1801,8.18428,1.00,1.00
2016.06.06 03:03:24.875,8.18038,8.18422,1.00,1.00
2016.06.06 03:03:24.931,8.18002,8.18428,1.00,1.00
2016.06.06 03:03:25.674,8.18001,8.18428,1.00,1.00
2016.06.06 03:03:25.725,8.18024,8.18408,1.00,1.00
2016.06.06 03:03:26.399,8.18015,8.18401,1.00,1.00
2016.06.06 03:03:26.501,8.18015,8.18388,1.00,1.00
2016.06.06 03:03:26.723,8.17969,8.18388,1.00,1.00
2016.06.06 03:03:27.290,8.17969,8.18387,1.00,1.00
2016.06.06 03:03:27.842,8.17952,8.18387,1.00,1.00
2016.06.06 03:03:28.172,8.17975,8.18361,1.00,1.00
2016.06.06 03:03:28.596,8.17993,8.18379,1.00,1.00
2016.06.06 03:03:31.567,8.18011,8.18387,1.00,1.00
2016.06.06 03:03:32.244,8.18011,8.18388,1.00,1.00
2016.06.06 03:03:32.295,8.17989,8.18375,1.00,1.00
2016.06.06 03:03:33.634,8.17989,8.18368,1.00,1.00
2016.06.06 03:03:33.889,8.17968,8.18354,1.00,1.00
2016.06.06 03:03:33.990,8.17968,8.18347,1.00,1.00
2016.06.06 03:03:34.160,8.17933,8.18347,1.00,1.00
2016.06.06 03:03:34.211,8.17928,8.18347,1.00,1.00
2016.06.06 03:03:34.261,8.17968,8.18347,1.00,1.00
2016.06.06 03:03:34.312,8.17931,8.18347,1.00,1.00
2016.06.06 03:03:34.363,8.17961,8.18347,1.00,1.50
2016.06.06 03:03:36.720,8.17979,8.18347,1.00,1.00
2016.06.06 03:03:41.530,8.17979,8.18338,1.00,1.00
2016.06.06 03:03:41.581,8.17979,8.18347,1.00,1.00
2016.06.06 03:03:41.682,8.17962,8.18346,1.00,1.00
2016.06.06 03:03:42.100,8.17922,8.18338,1.00,1.00
2016.06.06 03:03:42.204,8.17922,8.18328,1.00,1.00
2016.06.06 03:03:42.628,8.17907,8.18317,1.00,1.00
2016.06.06 03:03:42.678,8.17907,8.18308,1.00,1.00
2016.06.06 03:03:43.711,8.17915,8.18301,1.00,1.00
2016.06.06 03:03:47.102,8.17915,8.18297,1.00,1.00
2016.06.06 03:03:55.014,8.17915,8.18287,1.00,1.00
2016.06.06 03:03:55.784,8.17915,8.18297,1.00,1.00
2016.06.06 03:03:55.936,8.17915,8.18288,1.00,1.00
2016.06.06 03:03:56.037,8.17915,8.18297,1.00,1.00
2016.06.06 03:03:56.983,8.17915,8.18288,1.00,1.00
2016.06.06 03:03:58.685,8.17915,8.18287,1.00,1.00
2016.06.06 03:03:59.888,8.17915,8.18288,1.00,1.00
2016.06.06 03:04:06.979,8.17915,8.18268,1.00,1.00
2016.06.06 03:04:16.936,8.17915,8.18258,1.00,1.00
2016.06.06 03:04:26.965,8.17915,8.18268,1.00,1.00
2016.06.06 03:04:36.900,8.17915,8.18288,1.00,1.00
2016.06.06 03:04:43.670,8.17932,8.18288,1.00,1.00
2016.06.06 03:04:44.211,8.17932,8.18287,1.00,1.00
2016.06.06 03:04:44.312,8.17917,8.18287,1.00,1.00
2016.06.06 03:04:44.551,8.1795,8.18287,1.00,1.00
2016.06.06 03:04:44.849,8.1795,8.18336,1.00,1.00
2016.06.06 03:04:45.114,8.17958,8.18338,1.00,1.50
2016.06.06 03:04:45.662,8.17958,8.18337,1.00,1.00
2016.06.06 03:04:45.813,8.17936,8.18337,1.00,1.00
2016.06.06 03:04:46.352,8.17972,8.18338,1.00,1.00
2016.06.06 03:04:49.818,8.17972,8.18337,1.00,1.00
2016.06.06 03:04:50.363,8.17972,8.18338,1.00,1.50
2016.06.06 03:04:54.922,8.17972,8.18347,1.00,1.00
2016.06.06 03:04:57.718,8.17991,8.18347,1.00,1.00
2016.06.06 03:05:01.152,8.17991,8.18357,1.00,1.00
2016.06.06 03:05:04.870,8.17991,8.18358,1.00,1.00
2016.06.06 03:05:09.916,8.17922,8.18358,1.50,1.00
2016.06.06 03:05:09.971,8.17922,8.18348,1.00,1.00
2016.06.06 03:05:10.354,8.17962,8.18337,1.00,1.00
2016.06.06 03:05:11.466,8.17962,8.18338,1.00,1.00
2016.06.06 03:05:14.135,8.1798,8.18338,1.00,1.00
2016.06.06 03:05:14.462,8.1798,8.18348,1.00,1.00
2016.06.06 03:05:14.656,8.1798,8.18357,1.00,1.00
2016.06.06 03:05:15.226,8.1798,8.18358,1.00,1.50
2016.06.06 03:05:15.956,8.18001,8.18358,1.00,1.00
2016.06.06 03:05:17.374,8.1799,8.18358,1.00,1.00
2016.06.06 03:05:17.553,8.18022,8.18358,1.00,1.00
2016.06.06 03:05:17.705,8.17993,8.18358,1.00,1.00
2016.06.06 03:05:18.115,8.18029,8.18358,1.00,1.00
2016.06.06 03:05:18.166,8.18029,8.18388,1.00,1.00
2016.06.06 03:05:18.387,8.18001,8.18398,1.00,1.00
2016.06.06 03:05:18.661,8.18001,8.18408,1.00,1.00
2016.06.06 03:05:19.173,8.18051,8.18408,1.00,1.00
2016.06.06 03:05:19.384,8.18025,8.18408,1.00,1.00
2016.06.06 03:05:19.742,8.18059,8.18408,1.00,1.00
2016.06.06 03:05:21.165,8.18037,8.18408,1.00,1.00
2016.06.06 03:05:25.138,8.18015,8.18401,1.00,1.00
2016.06.06 03:05:28.187,8.18015,8.18388,1.00,1.00
2016.06.06 03:05:34.493,8.18033,8.18388,1.00,1.00
2016.06.06 03:05:35.897,8.18021,8.18388,1.00,1.00
2016.06.06 03:05:36.457,8.18062,8.18388,1.00,1.00
2016.06.06 03:05:38.239,8.18062,8.18408,1.00,1.00
2016.06.06 03:05:39.717,8.18007,8.18408,1.00,1.00
2016.06.06 03:05:39.768,8.17994,8.18408,1.00,1.50
2016.06.06 03:05:40.205,8.17994,8.18398,1.00,1.00
2016.06.06 03:05:40.618,8.17994,8.18408,1.00,1.50
2016.06.06 03:05:41.068,8.17972,8.18408,1.00,1.50
2016.06.06 03:05:41.119,8.18008,8.18394,1.00,1.00
2016.06.06 03:05:41.769,8.17966,8.18388,1.00,1.00
2016.06.06 03:05:42.276,8.17966,8.18378,1.00,1.00
2016.06.06 03:05:42.796,8.17983,8.18369,1.00,1.00
2016.06.06 03:05:45.375,8.17983,8.18368,1.00,1.00
2016.06.06 03:05:46.136,8.17983,8.18367,1.00,1.00
2016.06.06 03:05:46.776,8.17983,8.18348,1.00,1.00
2016.06.06 03:05:51.746,8.17983,8.18328,1.00,1.00
2016.06.06 03:05:57.464,8.17984,8.18368,1.00,1.00
2016.06.06 03:05:57.699,8.17972,8.18378,1.00,1.50
2016.06.06 03:05:57.776,8.17953,8.18378,1.00,1.00
2016.06.06 03:05:57.887,8.17949,8.18378,1.00,1.00
2016.06.06 03:05:58.774,8.18019,8.18378,1.00,1.00
2016.06.06 03:06:02.813,8.17997,8.18378,1.00,1.00
2016.06.06 03:06:02.864,8.17958,8.18378,1.00,1.00
2016.06.06 03:06:03.015,8.17992,8.18377,1.00,1.00
2016.06.06 03:06:03.606,8.17992,8.18378,1.00,2.25
2016.06.06 03:06:06.334,8.17973,8.18357,1.00,1.00
2016.06.06 03:06:06.497,8.17931,8.18348,1.00,1.00
2016.06.06 03:06:06.776,8.17964,8.18348,1.00,1.00
2016.06.06 03:06:07.139,8.17964,8.18338,1.00,1.00
2016.06.06 03:06:07.799,8.17964,8.18337,1.00,1.00
2016.06.06 03:06:17.613,8.17964,8.18308,1.00,1.00
2016.06.06 03:06:26.238,8.17964,8.18307,1.00,1.00
2016.06.06 03:06:37.471,8.17964,8.18288,1.00,1.00
2016.06.06 03:06:46.795,8.17946,8.18288,1.00,1.00
2016.06.06 03:06:47.677,8.17928,8.18288,1.00,1.00
2016.06.06 03:06:48.213,8.17921,8.18288,1.00,1.00
2016.06.06 03:06:57.448,8.17921,8.18258,1.00,1.00
2016.06.06 03:06:59.465,8.17896,8.18258,1.00,1.00
2016.06.06 03:06:59.566,8.17853,8.18257,1.00,1.00
2016.06.06 03:06:59.617,8.1785,8.18257,1.00,1.00
2016.06.06 03:07:00.273,8.17869,8.18255,1.00,1.00
2016.06.06 03:07:07.471,8.17869,8.18238,1.00,1.00
2016.06.06 03:07:17.490,8.17869,8.18228,1.00,1.00
2016.06.06 03:07:18.493,8.17869,8.18227,1.00,1.00
2016.06.06 03:07:25.504,8.17869,8.18228,1.00,1.00
2016.06.06 03:07:30.495,8.17897,8.18228,1.00,1.00
2016.06.06 03:07:33.467,8.17897,8.18277,1.00,1.50
2016.06.06 03:07:33.773,8.17915,8.18277,1.00,1.50
2016.06.06 03:07:43.533,8.17915,8.18268,1.00,1.00
2016.06.06 03:07:47.453,8.17897,8.18268,1.00,1.00
2016.06.06 03:07:48.128,8.17897,8.18267,1.00,1.00
2016.06.06 03:07:48.643,8.17897,8.18268,1.00,1.50
2016.06.06 03:07:50.195,8.17897,8.18267,1.00,1.00
2016.06.06 03:07:53.461,8.17897,8.18238,1.00,1.00
2016.06.06 03:07:53.814,8.17878,8.18237,1.00,1.00
2016.06.06 03:07:54.417,8.17878,8.18238,1.00,1.00
2016.06.06 03:08:00.415,8.17852,8.18238,1.00,1.00
2016.06.06 03:08:00.517,8.17862,8.18238,1.00,1.00
2016.06.06 03:08:00.719,8.17822,8.18238,1.00,1.50
2016.06.06 03:08:01.073,8.17852,8.18236,1.00,1.00
2016.06.06 03:08:01.315,8.17822,8.18238,1.00,1.50
2016.06.06 03:08:01.444,8.17822,8.18228,1.00,1.00
2016.06.06 03:08:01.545,8.17813,8.18227,1.00,1.00
2016.06.06 03:08:01.647,8.17802,8.18208,1.00,1.00
2016.06.06 03:08:01.866,8.17792,8.18208,1.00,1.00
2016.06.06 03:08:02.130,8.17792,8.18188,1.00,1.00
2016.06.06 03:08:02.307,8.17792,8.18197,1.00,1.00
2016.06.06 03:08:02.513,8.17818,8.18197,1.00,1.00
2016.06.06 03:08:02.715,8.17792,8.18188,1.00,1.00
2016.06.06 03:08:02.917,8.17813,8.18188,1.00,1.00
2016.06.06 03:08:03.509,8.17813,8.18178,1.00,1.00
2016.06.06 03:08:03.860,8.17813,8.18168,1.00,1.00
2016.06.06 03:08:03.911,8.17813,8.18178,1.00,1.00
2016.06.06 03:08:04.396,8.17792,8.18178,1.00,1.00
2016.06.06 03:08:04.447,8.17797,8.18178,1.00,1.00
2016.06.06 03:08:04.623,8.17797,8.18183,1.00,1.00
2016.06.06 03:08:05.140,8.17797,8.18178,1.00,1.00
2016.06.06 03:08:05.812,8.17797,8.18183,1.00,1.00
2016.06.06 03:08:06.613,8.17797,8.18177,1.00,1.00
2016.06.06 03:08:07.014,8.17797,8.18157,1.00,1.00
2016.06.06 03:08:07.124,8.17797,8.18178,1.00,1.00
2016.06.06 03:08:07.647,8.17797,8.18168,1.00,1.00
2016.06.06 03:08:08.046,8.17797,8.18158,1.00,1.00
2016.06.06 03:08:08.115,8.17797,8.18168,1.00,1.00
2016.06.06 03:08:08.615,8.17797,8.18178,1.00,1.00
2016.06.06 03:08:10.993,8.17742,8.18167,1.00,1.00
2016.06.06 03:08:11.044,8.17767,8.18153,1.00,1.00
2016.06.06 03:08:11.883,8.17789,8.18175,1.00,1.00
2016.06.06 03:08:12.194,8.17789,8.18168,1.00,1.00
2016.06.06 03:08:12.445,8.17789,8.18175,1.00,1.00
2016.06.06 03:08:14.599,8.17808,8.18188,1.00,1.00
2016.06.06 03:08:14.725,8.17808,8.18192,1.00,1.00
2016.06.06 03:08:15.028,8.17786,8.18198,1.00,2.25
2016.06.06 03:08:15.287,8.17818,8.18198,1.00,2.25
2016.06.06 03:08:17.657,8.17801,8.18198,1.00,1.00
2016.06.06 03:08:17.859,8.17801,8.18227,1.00,1.00
2016.06.06 03:08:18.003,8.17834,8.1822,1.00,1.00
2016.06.06 03:08:18.354,8.17834,8.18218,1.00,1.00
2016.06.06 03:08:18.923,8.17834,8.18217,1.00,1.00
2016.06.06 03:08:18.974,8.17814,8.182,1.00,1.00
2016.06.06 03:08:35.295,8.17814,8.18198,1.00,1.00
2016.06.06 03:08:35.581,8.17814,8.182,1.00,1.00
2016.06.06 03:08:42.636,8.17791,8.18177,1.00,1.00
2016.06.06 03:08:42.686,8.17762,8.18188,1.50,1.00
2016.06.06 03:08:43.044,8.17762,8.18177,1.00,1.00
2016.06.06 03:08:43.363,8.17802,8.18188,1.00,1.50
2016.06.06 03:08:49.249,8.17802,8.18177,1.00,1.00
2016.06.06 03:08:49.484,8.17802,8.18188,1.00,1.50
2016.06.06 03:09:01.385,8.17802,8.18177,1.00,1.00
2016.06.06 03:09:01.589,8.1778,8.18158,1.00,1.00
2016.06.06 03:09:01.840,8.17799,8.18158,1.00,1.00
2016.06.06 03:09:01.891,8.17799,8.18178,1.00,1.00
2016.06.06 03:09:02.043,8.17799,8.18183,1.00,1.00
2016.06.06 03:09:07.964,8.17799,8.18178,1.00,1.00
2016.06.06 03:09:08.074,8.17799,8.18183,1.00,1.00
2016.06.06 03:09:10.606,8.17799,8.18178,1.00,1.00
2016.06.06 03:09:11.814,8.17799,8.18177,1.00,1.00
2016.06.06 03:09:13.245,8.17799,8.18157,1.00,1.00
2016.06.06 03:09:13.397,8.17778,8.18157,1.00,1.00
2016.06.06 03:09:13.498,8.17778,8.18162,1.00,1.00
2016.06.06 03:09:15.722,8.17782,8.18162,1.00,1.00
2016.06.06 03:09:16.390,8.17783,8.18162,1.00,1.00
2016.06.06 03:09:16.523,8.17778,8.18162,1.00,1.00
2016.06.06 03:09:16.824,8.17783,8.18162,1.00,1.00
2016.06.06 03:09:18.325,8.17778,8.18162,1.00,1.00
2016.06.06 03:09:21.228,8.17782,8.18162,1.00,1.00
2016.06.06 03:09:24.743,8.17778,8.18162,1.00,1.00
2016.06.06 03:09:37.833,8.17798,8.18177,1.00,1.00
2016.06.06 03:09:37.884,8.17798,8.18184,1.00,1.00
2016.06.06 03:09:43.059,8.17798,8.18168,1.00,1.00
2016.06.06 03:09:43.671,8.17798,8.18184,1.00,1.00
2016.06.06 03:09:44.374,8.17798,8.18178,1.00,1.00
2016.06.06 03:09:45.363,8.17798,8.18184,1.00,1.00
2016.06.06 03:09:48.899,8.17798,8.18168,1.00,1.00
2016.06.06 03:09:49.029,8.17798,8.18178,1.00,1.00
2016.06.06 03:09:49.131,8.17798,8.18168,1.00,1.00
2016.06.06 03:09:49.543,8.17798,8.18178,1.00,1.00
2016.06.06 03:09:53.367,8.17798,8.18177,1.00,1.00
2016.06.06 03:09:53.418,8.17773,8.18157,1.00,1.00
2016.06.06 03:09:53.519,8.17743,8.18158,1.00,1.00
2016.06.06 03:09:53.648,8.17732,8.18158,1.00,1.00
2016.06.06 03:09:54.147,8.17758,8.18144,1.00,1.00
2016.06.06 03:10:01.858,8.17758,8.18108,1.00,1.00
2016.06.06 03:10:01.968,8.17758,8.18138,1.00,1.00
2016.06.06 03:10:02.238,8.17737,8.18123,1.00,1.00
2016.06.06 03:10:02.918,8.17761,8.18145,1.00,1.00
2016.06.06 03:10:09.167,8.17778,8.18164,1.00,1.00
2016.06.06 03:10:14.351,8.17761,8.18178,1.00,1.00
2016.06.06 03:10:14.402,8.17757,8.18187,1.00,1.00
2016.06.06 03:10:14.554,8.17762,8.18198,1.00,1.00
2016.06.06 03:10:14.655,8.17772,8.18198,1.00,1.00
2016.06.06 03:10:15.062,8.17796,8.18182,1.00,1.00
2016.06.06 03:10:18.192,8.17777,8.18163,1.00,1.00
2016.06.06 03:10:28.035,8.17758,8.18178,1.00,1.00
2016.06.06 03:10:28.085,8.17786,8.1817,1.00,1.00
2016.06.06 03:10:28.155,8.17762,8.18187,1.00,1.00
2016.06.06 03:10:28.300,8.17758,8.18187,1.00,1.00
2016.06.06 03:10:28.889,8.17758,8.18188,1.00,1.00
2016.06.06 03:10:29.036,8.17807,8.18188,1.00,1.00
2016.06.06 03:10:30.124,8.17807,8.18193,1.00,1.00
2016.06.06 03:10:47.399,8.17797,8.18218,1.00,1.00
2016.06.06 03:10:47.457,8.17828,8.18214,1.00,1.00
2016.06.06 03:10:49.845,8.1781,8.18196,1.00,1.00
2016.06.06 03:10:51.077,8.17813,8.18196,1.00,1.00
2016.06.06 03:10:57.842,8.1781,8.18196,1.00,1.00
2016.06.06 03:10:57.943,8.17822,8.18196,1.00,1.00
2016.06.06 03:10:58.044,8.17832,8.18213,1.00,1.00
2016.06.06 03:10:58.095,8.17832,8.18228,1.00,1.00
2016.06.06 03:10:58.155,8.17852,8.18228,1.00,1.00
2016.06.06 03:10:58.206,8.17852,8.18237,1.00,1.00
2016.06.06 03:10:58.357,8.17822,8.18237,1.00,1.00
2016.06.06 03:10:58.458,8.17832,8.18248,1.00,1.00
2016.06.06 03:10:58.560,8.17822,8.18248,1.00,1.00
2016.06.06 03:10:58.747,8.17822,8.18258,1.00,1.00
2016.06.06 03:10:59.143,8.17832,8.18258,1.00,1.00
2016.06.06 03:10:59.517,8.17857,8.18243,1.00,1.00
2016.06.06 03:11:06.354,8.17872,8.18243,1.00,1.00
2016.06.06 03:11:06.604,8.17857,8.18243,1.00,1.00
2016.06.06 03:11:07.555,8.17862,8.18243,1.00,1.00
2016.06.06 03:11:12.720,8.17857,8.18243,1.00,1.00
2016.06.06 03:11:13.160,8.17862,8.18243,1.00,1.00
2016.06.06 03:11:16.107,8.17882,8.18257,1.00,1.00
2016.06.06 03:11:16.158,8.17882,8.18268,1.00,1.00
2016.06.06 03:11:16.209,8.17902,8.18268,1.00,1.00
2016.06.06 03:11:16.447,8.17862,8.18288,1.50,1.00
2016.06.06 03:11:16.498,8.17872,8.18288,1.00,1.00
2016.06.06 03:11:16.599,8.17872,8.18298,1.50,1.00
2016.06.06 03:11:17.401,8.17882,8.18298,1.00,1.00
2016.06.06 03:11:17.804,8.17914,8.18298,1.00,1.00
2016.06.06 03:11:18.427,8.17894,8.1828,1.00,1.00
2016.06.06 03:11:20.655,8.17862,8.18291,1.50,1.00
2016.06.06 03:11:20.892,8.17852,8.18268,1.50,1.00
2016.06.06 03:11:21.094,8.17836,8.18267,1.00,1.00
2016.06.06 03:11:21.849,8.17849,8.18235,1.00,1.00
2016.06.06 03:11:30.929,8.17832,8.18216,1.00,1.00
2016.06.06 03:11:33.647,8.17821,8.18237,1.00,1.00
2016.06.06 03:11:33.748,8.17821,8.18248,1.00,1.00
2016.06.06 03:11:33.799,8.17832,8.18248,1.00,1.00
2016.06.06 03:11:33.950,8.17832,8.18258,1.00,1.00
2016.06.06 03:11:34.106,8.17856,8.18242,1.00,1.00
2016.06.06 03:11:43.267,8.17822,8.18248,1.00,1.00
2016.06.06 03:11:43.318,8.17812,8.18248,2.25,1.00
2016.06.06 03:11:44.077,8.17822,8.18208,1.00,1.00
2016.06.06 03:11:50.020,8.17823,8.18208,1.00,1.00
2016.06.06 03:11:52.826,8.17832,8.18208,1.00,1.00
2016.06.06 03:11:52.934,8.17846,8.1823,1.00,1.00
2016.06.06 03:11:53.097,8.17832,8.18248,1.00,1.00
2016.06.06 03:11:53.223,8.17842,8.18248,1.00,1.00
2016.06.06 03:11:53.545,8.17856,8.18242,1.00,1.00
2016.06.06 03:11:57.951,8.17822,8.18248,1.00,1.00
2016.06.06 03:11:58.173,8.17813,8.18237,1.00,1.00
2016.06.06 03:11:58.375,8.17803,8.18237,1.00,1.00
2016.06.06 03:11:58.526,8.17793,8.18208,1.00,1.00
2016.06.06 03:11:59.046,8.17792,8.18228,1.50,1.00
2016.06.06 03:11:59.213,8.17809,8.18195,1.00,1.00
2016.06.06 03:11:59.542,8.17813,8.18195,1.00,1.00
2016.06.06 03:12:09.043,8.17809,8.18195,1.00,1.00
2016.06.06 03:12:09.327,8.17833,8.18219,1.00,1.00
2016.06.06 03:12:09.428,8.17833,8.18237,1.00,1.00
2016.06.06 03:12:09.530,8.17832,8.18258,1.00,1.00
2016.06.06 03:12:09.644,8.17843,8.18258,1.00,1.00
2016.06.06 03:12:09.826,8.17843,8.18268,1.00,1.00
2016.06.06 03:12:09.877,8.17832,8.18268,1.00,1.00
2016.06.06 03:12:10.044,8.17842,8.18268,1.00,1.00
2016.06.06 03:12:10.095,8.17842,8.18272,1.00,1.00
2016.06.06 03:12:10.146,8.17856,8.18242,1.00,1.00
2016.06.06 03:12:18.452,8.17862,8.18242,1.00,1.00
2016.06.06 03:12:18.802,8.17873,8.18242,1.00,1.00
2016.06.06 03:12:18.853,8.17856,8.18242,1.00,1.00
2016.06.06 03:12:19.354,8.17863,8.18242,1.00,1.00
2016.06.06 03:12:19.454,8.17856,8.18242,1.00,1.00
2016.06.06 03:12:20.364,8.17862,8.18278,1.00,1.00
2016.06.06 03:12:20.415,8.17862,8.18288,1.00,1.00
2016.06.06 03:12:20.466,8.17872,8.18288,1.00,1.00
2016.06.06 03:12:20.617,8.17872,8.18297,1.00,1.00
2016.06.06 03:12:21.187,8.17893,8.18277,1.00,1.00
2016.06.06 03:12:21.491,8.17874,8.1826,1.00,1.00
2016.06.06 03:12:29.160,8.17853,8.18239,1.07,1.00
2016.06.06 03:12:29.371,8.17852,8.18255,1.12,1.00
2016.06.06 03:12:29.422,8.17842,8.18255,1.00,1.00
2016.06.06 03:12:29.473,8.17842,8.18224,1.00,1.00
2016.06.06 03:12:38.797,8.17838,8.18224,1.00,1.00
2016.06.06 03:12:41.441,8.17822,8.18206,1.00,1.00
2016.06.06 03:12:41.492,8.17822,8.18223,1.00,1.00
2016.06.06 03:12:41.643,8.17812,8.18223,1.50,1.00
2016.06.06 03:12:41.694,8.17812,8.18225,1.50,1.00
2016.06.06 03:12:41.745,8.17812,8.18218,1.00,1.00
2016.06.06 03:12:41.946,8.17802,8.18218,1.00,1.00
2016.06.06 03:12:41.998,8.17792,8.18208,1.00,1.00
2016.06.06 03:12:42.328,8.17793,8.18177,1.00,1.00
2016.06.06 03:12:44.628,8.17774,8.1816,1.07,1.00
2016.06.06 03:12:48.144,8.17772,8.1814,1.07,1.00
2016.06.06 03:12:48.245,8.17772,8.1814,1.00,1.00
2016.06.06 03:12:49.111,8.17782,8.1814,1.00,1.00
2016.06.06 03:12:49.161,8.17782,8.18167,1.00,1.00
2016.06.06 03:12:49.212,8.17793,8.18197,1.00,1.00
2016.06.06 03:12:49.426,8.17802,8.1821,1.00,1.00
2016.06.06 03:12:49.586,8.17802,8.1818,1.00,1.00
2016.06.06 03:12:49.866,8.17794,8.1818,1.00,1.00
2016.06.06 03:12:54.950,8.17802,8.1818,1.00,1.00
2016.06.06 03:12:55.702,8.17794,8.1818,1.00,1.00
2016.06.06 03:13:02.957,8.17792,8.18159,1.50,1.00
2016.06.06 03:13:03.159,8.17792,8.18185,1.00,1.00
2016.06.06 03:13:03.210,8.17792,8.18154,1.00,1.00
2016.06.06 03:13:11.896,8.17793,8.18154,1.00,1.00
2016.06.06 03:13:13.199,8.17782,8.18154,1.07,1.00
2016.06.06 03:13:13.300,8.17793,8.18154,1.00,1.00
2016.06.06 03:13:15.712,8.17793,8.18176,1.50,1.00
2016.06.06 03:13:15.937,8.17822,8.18228,1.00,1.00
2016.06.06 03:13:16.266,8.17832,8.18228,1.00,1.00
2016.06.06 03:13:16.316,8.17832,8.18247,1.00,1.00
2016.06.06 03:13:16.986,8.17832,8.18213,1.00,1.00
2016.06.06 03:13:18.413,8.17832,8.18248,1.00,1.00
2016.06.06 03:13:18.466,8.17862,8.18268,1.00,1.00
2016.06.06 03:13:18.808,8.17872,8.1827,1.00,1.00
2016.06.06 03:13:18.880,8.17872,8.18298,1.00,2.25
2016.06.06 03:13:19.602,8.17873,8.18249,1.00,1.00
2016.06.06 03:13:20.001,8.17863,8.18249,1.50,1.00
2016.06.06 03:13:20.287,8.17852,8.18228,1.07,1.00
2016.06.06 03:13:24.846,8.17861,8.18245,1.00,1.00
2016.06.06 03:13:26.165,8.17862,8.18245,1.00,1.00
2016.06.06 03:13:30.127,8.17872,8.18245,1.00,1.00
2016.06.06 03:13:30.327,8.17863,8.18245,1.00,1.00
2016.06.06 03:13:31.739,8.17862,8.18245,1.00,1.00
2016.06.06 03:13:31.879,8.17862,8.18227,1.00,1.00
2016.06.06 03:13:31.929,8.17853,8.18254,1.07,1.00
2016.06.06 03:13:32.167,8.17852,8.1825,1.07,1.00
2016.06.06 03:13:32.446,8.17843,8.18247,1.00,1.00
2016.06.06 03:13:32.886,8.17843,8.18209,1.00,1.00
2016.06.06 03:13:34.972,8.17842,8.18209,1.50,1.00
2016.06.06 03:13:35.686,8.17832,8.18209,1.00,1.00
2016.06.06 03:13:35.787,8.17823,8.18209,1.10,1.00
2016.06.06 03:13:35.946,8.17832,8.18209,1.00,1.00
2016.06.06 03:13:36.062,8.17823,8.18209,1.10,1.00
2016.06.06 03:13:37.134,8.17833,8.18209,1.00,1.00
2016.06.06 03:13:37.337,8.17823,8.18209,1.10,1.00
2016.06.06 03:13:44.143,8.17833,8.18209,1.00,1.00
2016.06.06 03:13:44.391,8.17823,8.18209,1.57,1.00
2016.06.06 03:13:48.412,8.17832,8.18209,1.00,1.00
2016.06.06 03:13:48.948,8.17823,8.18209,1.10,1.00
2016.06.06 03:13:49.149,8.17833,8.18209,1.00,1.00
2016.06.06 03:13:49.249,8.17823,8.18209,1.10,1.00
2016.06.06 03:13:54.354,8.17832,8.18209,1.00,1.00
2016.06.06 03:13:54.654,8.17823,8.18209,1.10,1.00
2016.06.06 03:13:59.459,8.17832,8.18209,1.00,1.00
2016.06.06 03:14:01.061,8.17823,8.18209,1.10,1.00
2016.06.06 03:14:09.218,8.17833,8.18209,1.00,1.00
2016.06.06 03:14:09.454,8.17842,8.18228,1.00,1.00
2016.06.06 03:14:12.573,8.17843,8.18228,1.00,1.00
2016.06.06 03:14:13.079,8.17842,8.18228,1.00,1.00
2016.06.06 03:14:26.299,8.17843,8.18228,1.00,1.00
2016.06.06 03:14:26.931,8.17842,8.18228,1.00,1.00
2016.06.06 03:14:33.774,8.17824,8.1821,1.00,1.00
2016.06.06 03:14:35.141,8.17812,8.18208,1.00,1.00
2016.06.06 03:14:35.293,8.17802,8.18207,1.00,1.00
2016.06.06 03:14:35.506,8.17792,8.18198,1.00,1.00
2016.06.06 03:14:35.826,8.17782,8.18207,1.00,1.00
2016.06.06 03:14:36.036,8.17782,8.182,1.00,1.00
2016.06.06 03:14:36.403,8.17802,8.18171,1.00,1.00
2016.06.06 03:14:38.231,8.17812,8.18171,1.00,1.00
2016.06.06 03:14:38.616,8.17812,8.18192,1.00,1.00
2016.06.06 03:14:38.717,8.17822,8.18192,1.00,1.00
2016.06.06 03:14:39.449,8.17832,8.18192,1.00,1.00
2016.06.06 03:14:39.794,8.17842,8.18192,1.00,1.00
2016.06.06 03:14:39.845,8.17832,8.18192,1.00,1.00
2016.06.06 03:14:40.108,8.17822,8.18192,1.00,1.00
2016.06.06 03:14:40.850,8.17832,8.18192,1.00,1.00
2016.06.06 03:14:44.717,8.17823,8.18192,1.00,1.00
2016.06.06 03:14:44.955,8.17832,8.18192,1.00,1.00
2016.06.06 03:14:45.915,8.17823,8.18192,1.00,1.00
2016.06.06 03:14:46.386,8.17812,8.18192,1.50,1.00
2016.06.06 03:14:47.016,8.17806,8.18192,1.00,1.00
2016.06.06 03:14:47.117,8.17812,8.18192,1.00,1.00
2016.06.06 03:14:47.298,8.17812,8.18203,1.00,1.00
2016.06.06 03:14:47.475,8.17812,8.18166,1.00,1.00
2016.06.06 03:14:50.464,8.17803,8.18166,1.00,1.00
2016.06.06 03:14:55.083,8.17792,8.18166,1.50,1.00
2016.06.06 03:14:55.324,8.17782,8.18166,2.25,1.00
2016.06.06 03:14:57.399,8.17792,8.18166,1.00,1.00
2016.06.06 03:14:57.710,8.17802,8.18166,1.00,1.00
2016.06.06 03:15:01.757,8.17802,8.18188,1.50,1.00
2016.06.06 03:15:03.571,8.17813,8.18188,1.00,1.00
2016.06.06 03:15:05.076,8.17802,8.18188,1.50,1.00
2016.06.06 03:15:06.336,8.17803,8.18188,1.00,1.00
2016.06.06 03:15:07.125,8.17802,8.18188,1.50,1.00
2016.06.06 03:15:09.186,8.17832,8.18188,1.00,1.00
2016.06.06 03:15:09.237,8.17822,8.18227,1.00,1.00
2016.06.06 03:15:09.288,8.17822,8.18205,1.00,1.00
2016.06.06 03:15:09.567,8.17819,8.18205,1.00,1.00
2016.06.06 03:15:09.784,8.17822,8.18205,1.00,1.00
2016.06.06 03:15:10.400,8.17823,8.18205,1.00,1.00
2016.06.06 03:15:12.029,8.17819,8.18205,1.00,1.00
2016.06.06 03:15:12.266,8.17813,8.18181,1.00,1.00
2016.06.06 03:15:12.644,8.17802,8.18181,1.00,1.00
2016.06.06 03:15:13.228,8.17795,8.18181,1.00,1.00
2016.06.06 03:15:21.587,8.17802,8.18181,1.00,1.00
2016.06.06 03:15:22.331,8.17803,8.18181,1.00,1.00
2016.06.06 03:15:22.853,8.17795,8.18181,1.00,1.00
2016.06.06 03:15:22.904,8.17793,8.1816,1.00,1.00
2016.06.06 03:15:22.969,8.17782,8.1816,1.50,1.00
2016.06.06 03:15:23.071,8.17802,8.18158,1.00,1.00
2016.06.06 03:15:23.172,8.17792,8.18158,1.00,1.00
2016.06.06 03:15:23.379,8.17772,8.18158,3.00,1.00
2016.06.06 03:15:25.512,8.17773,8.18158,1.00,1.00
2016.06.06 03:15:31.563,8.17772,8.18158,2.25,1.00
2016.06.06 03:15:34.765,8.17782,8.18158,1.00,1.00
2016.06.06 03:15:38.169,8.17792,8.18158,1.00,1.00
2016.06.06 03:15:38.219,8.17792,8.18178,1.50,1.00
2016.06.06 03:15:39.570,8.17812,8.18178,1.00,1.00
2016.06.06 03:15:39.770,8.17793,8.18178,1.00,1.00
2016.06.06 03:15:46.523,8.17792,8.18178,1.00,1.00
2016.06.06 03:15:51.794,8.17812,8.18178,1.00,1.00
2016.06.06 03:15:52.099,8.17802,8.18178,1.00,1.00
2016.06.06 03:15:52.494,8.17792,8.18178,1.50,1.00
2016.06.06 03:15:54.280,8.17803,8.18178,1.00,1.00
2016.06.06 03:15:54.331,8.17792,8.18178,1.00,1.00
2016.06.06 03:15:58.396,8.17812,8.18178,1.00,1.00
2016.06.06 03:15:58.839,8.17812,8.18196,1.00,1.00
2016.06.06 03:15:59.490,8.17823,8.18196,1.00,1.00
2016.06.06 03:15:59.990,8.17812,8.18196,1.00,1.00
2016.06.06 03:16:03.307,8.1781,8.18196,1.00,1.00
2016.06.06 03:16:03.358,8.17802,8.18177,1.00,1.00
2016.06.06 03:16:03.409,8.17792,8.18177,1.50,1.00
2016.06.06 03:16:03.556,8.17792,8.18206,1.50,1.00
2016.06.06 03:16:03.683,8.17782,8.18206,1.50,1.00
2016.06.06 03:16:03.835,8.17803,8.18206,1.00,1.00
2016.06.06 03:16:04.156,8.17803,8.18197,1.00,1.00
2016.06.06 03:16:04.384,8.17792,8.18191,1.00,1.00
2016.06.06 03:16:04.514,8.17792,8.18157,1.00,1.00
2016.06.06 03:16:07.643,8.17802,8.18157,1.00,1.00
2016.06.06 03:16:09.073,8.17813,8.18157,1.00,1.00
2016.06.06 03:16:09.174,8.17813,8.1818,1.00,1.00
2016.06.06 03:16:09.225,8.17822,8.1818,1.00,1.00
2016.06.06 03:16:09.276,8.17822,8.18218,1.00,1.50
2016.06.06 03:16:09.327,8.17832,8.18228,1.00,1.00
2016.06.06 03:16:09.629,8.17872,8.18253,1.00,1.00
2016.06.06 03:16:09.700,8.17872,8.18267,1.00,1.00
2016.06.06 03:16:09.903,8.17872,8.18278,1.50,1.00
2016.06.06 03:16:10.004,8.17882,8.18288,1.00,1.50
2016.06.06 03:16:10.307,8.17912,8.18318,1.00,1.00
2016.06.06 03:16:12.533,8.17918,8.18304,1.00,1.00
2016.06.06 03:16:22.638,8.17912,8.18285,1.00,1.00
2016.06.06 03:16:27.004,8.17922,8.18285,1.00,1.00
2016.06.06 03:16:27.342,8.17952,8.18346,1.00,1.00
2016.06.06 03:16:27.523,8.17962,8.18346,1.00,1.00
2016.06.06 03:16:27.868,8.17972,8.18346,1.00,1.00
2016.06.06 03:16:27.969,8.17962,8.18346,1.00,1.00
2016.06.06 03:16:28.070,8.17943,8.18346,1.00,1.00
2016.06.06 03:16:28.234,8.17943,8.18357,1.00,1.00
2016.06.06 03:16:28.714,8.17945,8.18331,1.00,1.00
2016.06.06 03:16:38.883,8.17952,8.18331,1.00,1.00
2016.06.06 03:16:38.933,8.17965,8.18351,1.00,1.00
2016.06.06 03:16:38.984,8.17963,8.18358,1.00,1.00
2016.06.06 03:16:39.035,8.17963,8.18368,1.00,1.00
2016.06.06 03:16:39.085,8.17982,8.18368,1.00,1.00
2016.06.06 03:16:39.228,8.17982,8.18382,1.00,1.00
2016.06.06 03:16:39.537,8.17993,8.18382,1.00,1.00
2016.06.06 03:16:40.070,8.17993,8.18362,1.00,1.00
2016.06.06 03:16:42.263,8.17976,8.18362,1.00,1.00
2016.06.06 03:16:42.365,8.17982,8.18362,1.00,1.00
2016.06.06 03:16:42.567,8.17953,8.18339,1.00,1.00
2016.06.06 03:16:42.618,8.17942,8.18365,1.50,1.00
2016.06.06 03:16:42.719,8.17949,8.18333,1.00,1.00
2016.06.06 03:16:45.549,8.17971,8.18355,1.00,1.00
2016.06.06 03:16:45.701,8.17953,8.18377,1.00,1.00
2016.06.06 03:16:45.844,8.17972,8.18388,1.00,1.50
2016.06.06 03:16:46.044,8.17952,8.18378,1.50,1.00
2016.06.06 03:16:46.175,8.1798,8.18366,1.00,1.00
2016.06.06 03:16:46.396,8.17972,8.18388,1.00,1.50
2016.06.06 03:16:46.872,8.17982,8.18388,1.00,1.50
2016.06.06 03:16:47.196,8.17992,8.18388,1.00,1.50
2016.06.06 03:16:47.271,8.17992,8.18408,1.00,1.50
2016.06.06 03:16:47.553,8.18002,8.18408,1.00,1.00
2016.06.06 03:16:47.604,8.18003,8.18417,1.00,1.00
2016.06.06 03:16:47.819,8.18002,8.18428,1.50,2.25
2016.06.06 03:16:48.070,8.18015,8.18401,1.00,1.00
2016.06.06 03:16:48.171,8.18002,8.18428,1.50,2.25
2016.06.06 03:16:48.452,8.18012,8.18428,1.00,1.00
2016.06.06 03:16:48.792,8.1803,8.18416,1.00,1.00
2016.06.06 03:16:50.283,8.18005,8.18391,1.00,1.00
2016.06.06 03:16:50.615,8.18002,8.18383,1.00,1.00
2016.06.06 03:16:51.032,8.18002,8.18377,1.00,1.00
2016.06.06 03:16:51.113,8.17999,8.18377,1.00,1.00
2016.06.06 03:16:51.164,8.17999,8.18383,1.00,1.00
2016.06.06 03:16:56.080,8.1799,8.18362,1.00,1.00
2016.06.06 03:16:56.358,8.17982,8.18362,1.00,1.00
2016.06.06 03:16:56.460,8.17982,8.18368,1.00,1.00
2016.06.06 03:16:56.569,8.17982,8.18358,1.00,1.00
2016.06.06 03:17:06.994,8.17996,8.18382,1.00,1.00
2016.06.06 03:17:13.992,8.18002,8.18382,1.00,1.00
2016.06.06 03:17:16.729,8.18016,8.184,1.00,1.00
2016.06.06 03:17:37.363,8.18013,8.18383,1.00,1.00
2016.06.06 03:17:37.414,8.17997,8.18383,1.00,1.00
2016.06.06 03:17:46.924,8.17997,8.18377,1.00,1.00
2016.06.06 03:17:47.041,8.17997,8.18383,1.00,1.00
2016.06.06 03:17:47.311,8.17976,8.18362,1.00,1.00
2016.06.06 03:17:48.838,8.17982,8.18362,1.00,1.00
2016.06.06 03:17:49.120,8.17996,8.18382,1.00,1.00
2016.06.06 03:17:55.777,8.18014,8.18397,1.00,1.00
2016.06.06 03:17:57.347,8.18014,8.184,1.00,1.00
2016.06.06 03:18:22.274,8.18014,8.18333,1.00,1.00
2016.06.06 03:18:22.577,8.17882,8.18217,1.00,1.00
2016.06.06 03:18:22.678,8.17882,8.18208,1.00,1.00
2016.06.06 03:18:23.032,8.17763,8.18158,1.00,1.00
2016.06.06 03:18:23.083,8.17743,8.18138,1.50,1.00
2016.06.06 03:18:23.235,8.17722,8.18118,1.00,1.00
2016.06.06 03:18:23.437,8.17733,8.18127,1.00,1.00
2016.06.06 03:18:24.017,8.17732,8.18126,1.00,1.00
2016.06.06 03:18:24.069,8.17732,8.18128,1.00,1.00
2016.06.06 03:18:24.282,8.17722,8.18118,1.00,1.00
2016.06.06 03:18:25.031,8.17722,8.18088,1.00,1.00
2016.06.06 03:18:25.404,8.17722,8.18058,1.00,1.00
2016.06.06 03:18:28.242,8.17712,8.18058,1.00,1.00
2016.06.06 03:18:30.381,8.17682,8.18058,1.00,1.00
2016.06.06 03:18:30.581,8.17682,8.18048,1.00,1.00
2016.06.06 03:18:30.907,8.17692,8.18027,1.00,1.00
2016.06.06 03:18:32.201,8.17692,8.18028,1.00,1.00
2016.06.06 03:18:32.363,8.17682,8.18028,1.00,1.00
2016.06.06 03:18:32.422,8.17682,8.18018,1.00,1.00
2016.06.06 03:18:32.744,8.17672,8.18008,1.00,1.00
2016.06.06 03:18:33.105,8.17682,8.17998,1.00,1.00
2016.06.06 03:18:33.264,8.17662,8.17998,1.00,1.00
2016.06.06 03:18:33.565,8.17672,8.17998,1.00,1.00
2016.06.06 03:18:35.567,8.17682,8.17998,1.00,1.00
2016.06.06 03:18:36.067,8.17672,8.17998,1.00,1.00
2016.06.06 03:18:36.968,8.17682,8.17998,1.00,1.00
2016.06.06 03:18:37.042,8.17682,8.18018,1.00,1.00
2016.06.06 03:18:37.152,8.17682,8.18028,1.00,1.00
2016.06.06 03:18:37.389,8.17682,8.18018,1.00,1.00
2016.06.06 03:18:37.782,8.17693,8.18018,1.00,1.00
2016.06.06 03:18:38.581,8.17693,8.18028,1.00,1.00
2016.06.06 03:18:38.960,8.17693,8.18018,1.00,1.00
2016.06.06 03:18:39.288,8.17702,8.18018,1.00,1.00
2016.06.06 03:18:39.972,8.17692,8.18018,1.00,1.00
2016.06.06 03:18:40.122,8.17692,8.18028,1.00,1.00
2016.06.06 03:18:40.476,8.17692,8.18008,1.00,1.00
2016.06.06 03:18:40.839,8.17702,8.18008,1.00,1.00
2016.06.06 03:18:41.032,8.17702,8.18018,1.00,1.00
2016.06.06 03:18:42.075,8.17712,8.18018,1.00,1.00
2016.06.06 03:18:42.476,8.17702,8.18018,1.00,1.00
2016.06.06 03:18:42.676,8.17692,8.18018,1.00,1.00
2016.06.06 03:18:42.893,8.17712,8.18018,1.00,1.00
2016.06.06 03:18:46.279,8.17702,8.18018,1.00,1.00
2016.06.06 03:18:55.012,8.17712,8.18018,1.00,1.00
2016.06.06 03:18:58.991,8.17722,8.18018,1.00,1.00
2016.06.06 03:19:01.096,8.17722,8.18028,1.00,1.00
2016.06.06 03:19:01.293,8.17712,8.18028,1.00,1.00
2016.06.06 03:19:07.699,8.17722,8.18028,1.00,1.00
2016.06.06 03:19:08.061,8.17722,8.18038,1.00,1.00
2016.06.06 03:19:08.513,8.17712,8.18038,1.00,1.00
2016.06.06 03:19:10.165,8.17712,8.18028,1.50,1.00
2016.06.06 03:19:13.530,8.17713,8.18028,1.00,1.00
2016.06.06 03:19:14.089,8.17722,8.18028,1.00,1.00
2016.06.06 03:19:14.140,8.17712,8.18028,1.50,1.00
2016.06.06 03:19:19.163,8.17732,8.18028,1.00,1.00
2016.06.06 03:19:21.041,8.17732,8.18048,1.00,1.00
2016.06.06 03:19:25.367,8.17732,8.18037,1.00,1.00
2016.06.06 03:19:25.708,8.17732,8.18048,1.50,1.00
2016.06.06 03:19:25.759,8.17742,8.18048,1.00,1.00
2016.06.06 03:19:26.319,8.17743,8.18048,1.00,1.00
2016.06.06 03:19:27.320,8.17742,8.18048,1.00,1.00
2016.06.06 03:19:27.555,8.17732,8.18048,1.50,1.00
2016.06.06 03:19:28.722,8.17742,8.18048,1.00,1.00
2016.06.06 03:19:29.157,8.17753,8.18048,1.00,1.00
2016.06.06 03:19:29.968,8.17753,8.18058,1.00,1.00
2016.06.06 03:19:30.514,8.17752,8.18058,1.00,1.00
2016.06.06 03:19:34.226,8.17762,8.18058,1.00,1.00
2016.06.06 03:19:34.461,8.17762,8.18068,1.00,1.00
2016.06.06 03:19:34.914,8.17762,8.18078,1.00,1.00
2016.06.06 03:19:35.011,8.17762,8.18068,1.00,1.00
2016.06.06 03:19:35.517,8.17773,8.18068,1.00,1.00
2016.06.06 03:19:35.568,8.17773,8.18078,1.00,1.00
2016.06.06 03:19:40.134,8.17802,8.18078,1.00,1.00
2016.06.06 03:19:40.185,8.17802,8.18088,1.00,1.00
2016.06.06 03:19:40.337,8.17792,8.18088,1.00,1.00
2016.06.06 03:19:40.401,8.17792,8.18098,1.00,1.00
2016.06.06 03:19:40.452,8.17802,8.18098,1.00,1.00
2016.06.06 03:19:40.806,8.17812,8.18098,1.00,1.00
2016.06.06 03:19:41.266,8.17812,8.18108,1.00,1.00
2016.06.06 03:19:41.317,8.17822,8.18108,1.00,1.00
2016.06.06 03:19:43.037,8.17833,8.18108,1.00,1.00
2016.06.06 03:19:45.039,8.17832,8.18108,1.00,1.00
2016.06.06 03:19:45.554,8.17822,8.18108,1.00,1.00
2016.06.06 03:19:45.706,8.17822,8.18114,1.00,1.00
2016.06.06 03:19:45.941,8.17812,8.18114,1.00,1.00
2016.06.06 03:19:48.342,8.17833,8.18114,1.00,1.00
2016.06.06 03:19:48.743,8.17843,8.18114,1.00,1.00
2016.06.06 03:19:48.907,8.17843,8.18118,1.00,1.00
2016.06.06 03:19:49.180,8.17853,8.18118,1.00,1.00
2016.06.06 03:19:49.244,8.17842,8.18118,1.00,1.00
2016.06.06 03:19:50.132,8.17832,8.18118,1.00,1.00
2016.06.06 03:19:50.185,8.17853,8.18118,1.00,1.00
2016.06.06 03:19:50.245,8.17833,8.18118,1.00,1.00
2016.06.06 03:19:50.577,8.17822,8.18118,1.00,1.00
2016.06.06 03:19:50.678,8.17812,8.18118,1.00,1.00
2016.06.06 03:19:50.746,8.17802,8.18118,1.50,1.00
2016.06.06 03:19:50.868,8.17802,8.18108,1.50,1.00
2016.06.06 03:19:51.003,8.17802,8.18118,1.50,1.00
2016.06.06 03:19:51.955,8.17802,8.18108,1.00,1.00
2016.06.06 03:19:52.131,8.17782,8.18108,1.00,1.00
2016.06.06 03:19:52.354,8.17773,8.18108,1.00,1.00
2016.06.06 03:19:52.405,8.17773,8.18088,1.00,1.00
2016.06.06 03:19:52.741,8.17782,8.18078,1.00,1.00
2016.06.06 03:19:52.850,8.17772,8.18078,1.00,1.00
2016.06.06 03:19:52.941,8.17772,8.18088,1.00,1.00
2016.06.06 03:19:53.024,8.17772,8.18086,1.00,1.00
2016.06.06 03:19:53.381,8.17793,8.18086,1.00,1.00
2016.06.06 03:19:54.558,8.17782,8.18086,1.00,1.00
2016.06.06 03:19:54.609,8.17782,8.18108,1.00,1.00
2016.06.06 03:19:54.727,8.17782,8.18138,1.00,1.00
2016.06.06 03:19:54.835,8.17782,8.18147,1.00,1.00
2016.06.06 03:19:54.886,8.17802,8.18147,1.00,1.00
2016.06.06 03:19:54.937,8.17802,8.18168,1.00,1.00
2016.06.06 03:19:55.056,8.17813,8.18188,1.00,1.00
2016.06.06 03:19:55.157,8.17813,8.18198,1.00,1.00
2016.06.06 03:19:55.259,8.17822,8.18218,1.00,1.00
2016.06.06 03:19:55.528,8.17812,8.18218,1.00,1.00
2016.06.06 03:19:55.718,8.17822,8.18218,1.00,1.00
2016.06.06 03:19:55.800,8.17822,8.18224,1.00,1.00
2016.06.06 03:19:55.851,8.17822,8.18228,1.00,1.00
2016.06.06 03:19:56.350,8.17822,8.18238,1.00,1.00
2016.06.06 03:19:56.680,8.17813,8.18238,1.00,1.00
2016.06.06 03:19:56.875,8.17822,8.18238,1.00,1.00
2016.06.06 03:19:57.209,8.17822,8.18201,1.00,1.00
2016.06.06 03:19:57.867,8.17815,8.18201,1.00,1.00
2016.06.06 03:19:58.657,8.17822,8.18201,1.00,1.00
2016.06.06 03:19:59.579,8.17815,8.18178,1.00,1.00
2016.06.06 03:19:59.730,8.17792,8.18178,1.00,1.00
2016.06.06 03:19:59.781,8.17792,8.18158,1.00,1.00
2016.06.06 03:20:00.214,8.17793,8.18148,1.00,1.00
2016.06.06 03:20:00.729,8.17812,8.18148,1.00,1.00
2016.06.06 03:20:00.959,8.17802,8.18148,1.00,1.00
2016.06.06 03:20:01.160,8.17792,8.18148,1.00,1.00
2016.06.06 03:20:01.764,8.17792,8.18124,1.00,1.00
2016.06.06 03:20:03.562,8.17802,8.18124,1.00,1.00
2016.06.06 03:20:07.186,8.17812,8.18124,1.00,1.00
2016.06.06 03:20:07.377,8.17802,8.18124,1.50,1.00
2016.06.06 03:20:18.590,8.17792,8.18124,1.50,1.00
2016.06.06 03:20:22.194,8.17812,8.18124,1.00,1.00
2016.06.06 03:20:23.782,8.17822,8.18124,1.00,1.00
2016.06.06 03:20:25.085,8.17832,8.18124,1.00,1.00
2016.06.06 03:20:25.985,8.17822,8.18124,1.00,1.00
2016.06.06 03:20:26.414,8.17832,8.18124,1.00,1.00
2016.06.06 03:20:27.693,8.17842,8.18124,1.00,1.00
2016.06.06 03:20:27.744,8.17842,8.18178,1.00,1.00
2016.06.06 03:20:27.798,8.17852,8.18178,1.00,1.00
2016.06.06 03:20:27.898,8.17843,8.18178,1.00,1.00
2016.06.06 03:20:27.953,8.17843,8.18156,1.00,1.00
2016.06.06 03:20:28.054,8.17852,8.18178,1.00,1.00
2016.06.06 03:20:28.199,8.17842,8.18178,1.00,1.00
2016.06.06 03:20:28.313,8.17842,8.18161,1.00,1.00
2016.06.06 03:20:28.900,8.17832,8.18161,1.00,1.00
2016.06.06 03:20:29.748,8.17813,8.18161,1.00,1.00
2016.06.06 03:20:29.849,8.17822,8.18161,1.00,1.00
2016.06.06 03:20:35.119,8.17823,8.18161,1.00,1.00
2016.06.06 03:20:35.816,8.17822,8.18161,1.50,1.00
2016.06.06 03:20:36.354,8.17862,8.18161,1.00,1.00
2016.06.06 03:20:36.456,8.17852,8.18161,1.00,1.00
2016.06.06 03:20:36.557,8.17883,8.18207,1.00,1.00
2016.06.06 03:20:36.658,8.17872,8.18215,1.00,1.00
2016.06.06 03:20:37.616,8.17862,8.18215,1.00,1.00
2016.06.06 03:20:37.793,8.17862,8.18217,1.00,1.00
2016.06.06 03:20:37.912,8.17862,8.18199,1.00,1.00
2016.06.06 03:20:39.814,8.17873,8.18199,1.00,1.00
2016.06.06 03:20:40.214,8.17892,8.18199,1.00,1.00
2016.06.06 03:20:41.016,8.17882,8.18199,1.00,1.00
2016.06.06 03:20:41.225,8.17902,8.18199,1.00,1.00
2016.06.06 03:20:41.492,8.17903,8.18218,1.00,1.00
2016.06.06 03:20:41.543,8.17903,8.18248,1.00,1.50
2016.06.06 03:20:41.796,8.17902,8.18268,1.00,1.00
2016.06.06 03:20:41.847,8.17913,8.18268,1.00,1.00
2016.06.06 03:20:42.017,8.17902,8.18268,1.00,1.00
2016.06.06 03:20:42.112,8.17902,8.18232,1.00,1.00
2016.06.06 03:20:42.264,8.17912,8.18278,1.00,1.00
2016.06.06 03:20:42.446,8.17932,8.18278,1.00,1.00
2016.06.06 03:20:42.638,8.17922,8.18278,1.00,1.00
2016.06.06 03:20:42.819,8.17932,8.18278,1.00,1.00
2016.06.06 03:20:43.163,8.17932,8.18251,1.00,1.00
2016.06.06 03:20:43.346,8.17923,8.18251,1.00,1.00
2016.06.06 03:20:44.421,8.17922,8.18251,1.00,1.00
2016.06.06 03:20:46.423,8.17912,8.18251,1.00,1.00
2016.06.06 03:20:46.823,8.17923,8.18251,1.00,1.00
2016.06.06 03:20:53.356,8.17903,8.18251,1.00,1.00
2016.06.06 03:20:53.581,8.17902,8.18258,1.00,1.00
2016.06.06 03:20:53.944,8.17882,8.18258,1.00,1.00
2016.06.06 03:20:53.995,8.17882,8.18222,1.00,1.00
2016.06.06 03:20:54.131,8.17872,8.18222,1.00,1.00
2016.06.06 03:20:54.432,8.17863,8.18222,1.00,1.00
2016.06.06 03:20:55.395,8.17872,8.18222,1.00,1.00
2016.06.06 03:20:55.934,8.17862,8.18222,1.00,1.00
2016.06.06 03:20:56.035,8.17862,8.18228,1.00,1.00
2016.06.06 03:20:56.086,8.17862,8.18218,1.00,1.00
2016.06.06 03:20:56.138,8.17853,8.18218,1.00,1.00
2016.06.06 03:20:56.239,8.17853,8.18207,1.00,1.00
2016.06.06 03:20:56.543,8.17852,8.18178,1.00,1.00
2016.06.06 03:20:56.886,8.17822,8.18178,1.00,1.00
2016.06.06 03:20:57.096,8.17822,8.18168,1.00,1.00
2016.06.06 03:20:57.509,8.17832,8.18178,1.00,1.00
2016.06.06 03:20:58.092,8.17832,8.18154,1.00,1.00
2016.06.06 03:21:00.913,8.17832,8.18167,1.00,1.00
2016.06.06 03:21:00.963,8.17832,8.18157,1.00,1.00
2016.06.06 03:21:01.483,8.17822,8.18136,1.00,1.00
2016.06.06 03:21:02.742,8.17812,8.18136,1.00,1.00
2016.06.06 03:21:04.043,8.17832,8.18136,1.00,1.00
2016.06.06 03:21:10.249,8.17823,8.18136,1.00,1.00
2016.06.06 03:21:13.934,8.17832,8.18136,1.00,1.00
2016.06.06 03:21:16.254,8.17822,8.18136,1.00,1.00
2016.06.06 03:21:16.589,8.17812,8.18136,1.00,1.00
2016.06.06 03:21:16.854,8.17822,8.18136,1.00,1.00
2016.06.06 03:21:20.458,8.17833,8.18136,1.00,1.00
2016.06.06 03:21:20.797,8.17842,8.18136,1.00,1.00
2016.06.06 03:21:21.400,8.17833,8.18136,1.00,1.00
2016.06.06 03:21:21.559,8.17842,8.18136,1.00,1.00
2016.06.06 03:21:30.253,8.17842,8.18163,1.00,1.00
2016.06.06 03:21:34.400,8.17862,8.18163,1.00,1.00
2016.06.06 03:21:34.703,8.17872,8.18218,1.00,1.00
2016.06.06 03:21:34.804,8.17863,8.18228,1.00,1.50
2016.06.06 03:21:35.019,8.17863,8.18218,1.00,1.00
2016.06.06 03:21:35.172,8.17872,8.18228,1.00,1.50
2016.06.06 03:21:35.223,8.17872,8.18191,1.00,1.00
2016.06.06 03:21:36.172,8.17862,8.18191,1.00,1.00
2016.06.06 03:21:36.500,8.17852,8.18191,1.00,1.00
2016.06.06 03:21:36.601,8.17842,8.18161,1.00,1.00
2016.06.06 03:21:36.753,8.17842,8.18192,1.00,1.00
2016.06.06 03:21:36.960,8.17842,8.18188,1.00,1.00
2016.06.06 03:21:37.277,8.17852,8.1816,1.00,1.00
2016.06.06 03:21:38.630,8.17863,8.1816,1.00,1.00
2016.06.06 03:21:38.809,8.17872,8.18186,1.00,1.00
2016.06.06 03:21:39.010,8.17882,8.18186,1.00,1.00
2016.06.06 03:21:39.073,8.17882,8.18218,1.00,1.00
2016.06.06 03:21:39.124,8.17882,8.18228,1.00,1.50
2016.06.06 03:21:39.193,8.17882,8.18197,1.00,1.00
2016.06.06 03:21:39.277,8.17872,8.18197,1.00,1.00
2016.06.06 03:21:50.412,8.17863,8.18197,1.00,1.00
2016.06.06 03:21:51.090,8.17862,8.18197,1.00,1.00
2016.06.06 03:21:51.612,8.17873,8.18197,1.00,1.00
2016.06.06 03:21:52.813,8.17872,8.18197,1.00,1.00
2016.06.06 03:21:53.013,8.17862,8.18197,1.00,1.00
2016.06.06 03:21:53.393,8.17872,8.18197,1.00,1.00
2016.06.06 03:21:55.716,8.17882,8.18197,1.00,1.00
2016.06.06 03:21:56.117,8.17892,8.18197,1.00,1.00
2016.06.06 03:21:58.327,8.17872,8.18197,1.00,1.00
2016.06.06 03:22:00.621,8.17862,8.18197,1.00,1.00
2016.06.06 03:22:03.322,8.17862,8.18193,1.00,1.00
2016.06.06 03:22:03.373,8.17852,8.18193,1.00,1.00
2016.06.06 03:22:03.575,8.17853,8.18159,1.00,1.00
2016.06.06 03:22:04.318,8.17852,8.18159,1.00,1.00
2016.06.06 03:22:04.470,8.17832,8.18159,1.00,1.00
2016.06.06 03:22:04.523,8.17832,8.18179,1.00,1.00
2016.06.06 03:22:04.624,8.17812,8.18168,1.50,1.00
2016.06.06 03:22:05.073,8.17822,8.18168,1.00,1.00
2016.06.06 03:22:05.174,8.17822,8.18178,1.00,1.00
2016.06.06 03:22:05.277,8.17822,8.18144,1.00,1.00
2016.06.06 03:22:05.608,8.17842,8.18144,1.00,1.00
2016.06.06 03:22:06.028,8.17833,8.18144,1.00,1.00
2016.06.06 03:22:06.128,8.17822,8.18144,1.00,1.00
2016.06.06 03:22:06.280,8.17822,8.18163,1.00,1.00
2016.06.06 03:22:06.331,8.17813,8.18163,1.00,1.00
2016.06.06 03:22:06.983,8.17812,8.1812,1.50,1.00
2016.06.06 03:22:07.478,8.17822,8.1812,1.00,1.00
2016.06.06 03:22:07.530,8.17812,8.1812,1.50,1.00
2016.06.06 03:22:10.233,8.17823,8.1812,1.00,1.00
2016.06.06 03:22:17.841,8.17813,8.1812,1.00,1.00
2016.06.06 03:22:21.594,8.17822,8.1812,1.00,1.00
2016.06.06 03:22:21.895,8.17832,8.1812,1.00,1.00
2016.06.06 03:22:22.684,8.17843,8.1812,1.00,1.00
2016.06.06 03:22:22.735,8.17843,8.18177,1.00,1.00
2016.06.06 03:22:23.262,8.17842,8.18177,1.00,1.00
2016.06.06 03:22:23.542,8.17842,8.18156,1.00,1.00
2016.06.06 03:22:26.851,8.17833,8.18156,1.00,1.00
2016.06.06 03:22:27.069,8.17812,8.18156,1.00,1.00
2016.06.06 03:22:27.120,8.17812,8.18162,1.00,1.00
2016.06.06 03:22:27.272,8.17812,8.18128,1.50,1.00
2016.06.06 03:22:48.569,8.17822,8.18128,1.00,1.00
2016.06.06 03:22:50.383,8.17853,8.18128,1.00,1.00
2016.06.06 03:22:50.734,8.17853,8.18156,1.00,1.00
2016.06.06 03:22:50.785,8.17862,8.18156,1.00,1.00
2016.06.06 03:22:50.886,8.17852,8.18156,1.00,1.00
2016.06.06 03:22:52.654,8.17842,8.18156,1.00,1.00
2016.06.06 03:22:52.976,8.17822,8.18156,1.00,1.00
2016.06.06 03:22:53.026,8.17822,8.18138,1.00,1.00
2016.06.06 03:22:53.348,8.17842,8.18138,1.00,1.00
2016.06.06 03:22:58.132,8.17853,8.18138,1.00,1.00
2016.06.06 03:23:00.683,8.17842,8.18138,1.00,1.00
2016.06.06 03:23:03.586,8.17822,8.18138,1.00,1.00
2016.06.06 03:23:03.929,8.17832,8.18138,1.00,1.00
2016.06.06 03:23:07.290,8.17822,8.18138,1.00,1.00
2016.06.06 03:23:07.994,8.17823,8.18138,1.00,1.00
2016.06.06 03:23:11.107,8.17822,8.18138,1.00,1.00
2016.06.06 03:23:11.522,8.17812,8.18138,1.00,1.00
2016.06.06 03:23:11.673,8.17812,8.18162,1.00,1.00
2016.06.06 03:23:11.724,8.17802,8.18162,1.00,1.00
2016.06.06 03:23:12.096,8.17813,8.18162,1.00,1.00
2016.06.06 03:23:12.625,8.17813,8.18121,1.00,1.00
2016.06.06 03:23:26.424,8.17822,8.18121,1.00,1.00
2016.06.06 03:23:32.823,8.17812,8.18121,1.00,1.00
2016.06.06 03:23:42.673,8.17822,8.18121,1.00,1.00
2016.06.06 03:23:42.834,8.17813,8.18121,1.00,1.00
2016.06.06 03:23:44.571,8.17822,8.18121,1.00,1.00
2016.06.06 03:23:45.552,8.17832,8.18121,1.00,1.00
2016.06.06 03:23:45.972,8.17823,8.18121,1.00,1.00
2016.06.06 03:23:48.367,8.17812,8.18121,1.00,1.00
2016.06.06 03:23:48.540,8.17822,8.18121,1.00,1.00
2016.06.06 03:23:50.342,8.17812,8.18121,1.00,1.00
2016.06.06 03:23:55.774,8.17802,8.18121,1.50,1.00
2016.06.06 03:23:56.073,8.17823,8.18121,1.00,1.00
2016.06.06 03:23:56.149,8.17802,8.18121,1.00,1.00
2016.06.06 03:23:56.550,8.17792,8.18121,1.00,1.00
2016.06.06 03:23:56.775,8.17802,8.18121,1.00,1.00
2016.06.06 03:23:56.950,8.17792,8.18121,1.00,1.00
2016.06.06 03:23:58.076,8.17802,8.18121,1.00,1.00
2016.06.06 03:23:58.187,8.17792,8.18121,1.00,1.00
2016.06.06 03:24:04.080,8.17802,8.18121,1.00,1.00
2016.06.06 03:24:04.387,8.17782,8.18121,1.50,1.00
2016.06.06 03:24:07.059,8.17772,8.18121,1.00,1.00
2016.06.06 03:24:07.310,8.17772,8.18135,1.00,1.00
2016.06.06 03:24:07.411,8.17772,8.18128,1.00,1.00
2016.06.06 03:24:07.796,8.17772,8.18118,1.00,1.00
2016.06.06 03:24:08.257,8.17772,8.18128,1.00,1.00
2016.06.06 03:24:08.379,8.17772,8.1808,1.00,1.00
2016.06.06 03:24:08.530,8.17752,8.1808,1.00,1.00
2016.06.06 03:24:09.297,8.17762,8.1808,1.00,1.00
2016.06.06 03:24:09.664,8.17772,8.1808,1.00,1.00
2016.06.06 03:24:09.715,8.17772,8.181,1.00,1.00
2016.06.06 03:24:14.094,8.17782,8.181,1.00,1.00
2016.06.06 03:24:14.798,8.17773,8.181,1.00,1.00
2016.06.06 03:24:15.018,8.17762,8.181,1.00,1.00
2016.06.06 03:24:15.071,8.17772,8.181,1.00,1.00
2016.06.06 03:24:15.407,8.17782,8.181,1.00,1.00
2016.06.06 03:24:15.472,8.17772,8.181,1.00,1.00
2016.06.06 03:24:18.375,8.17763,8.181,1.00,1.00
2016.06.06 03:24:32.389,8.17773,8.181,1.00,1.00
2016.06.06 03:24:35.895,8.17762,8.181,1.50,1.00
2016.06.06 03:24:38.623,8.17732,8.181,2.25,1.00
2016.06.06 03:24:48.557,8.17742,8.181,1.00,1.00
2016.06.06 03:24:58.654,8.17723,8.181,1.00,1.00
2016.06.06 03:25:01.484,8.17732,8.181,1.00,1.00
2016.06.06 03:25:02.439,8.17742,8.181,1.00,1.00
2016.06.06 03:25:03.833,8.17732,8.181,1.00,1.00
2016.06.06 03:25:04.073,8.17742,8.181,1.00,1.00
2016.06.06 03:25:05.019,8.17752,8.181,1.00,1.00
2016.06.06 03:25:05.520,8.17742,8.181,1.50,1.00
2016.06.06 03:25:06.521,8.17743,8.181,1.00,1.00
2016.06.06 03:25:07.021,8.17752,8.181,1.00,1.00
2016.06.06 03:25:07.322,8.17763,8.181,1.00,1.00
2016.06.06 03:25:07.522,8.17752,8.181,1.00,1.00
2016.06.06 03:25:08.022,8.17742,8.181,1.50,1.00
2016.06.06 03:25:08.523,8.17752,8.181,1.00,1.00
2016.06.06 03:25:09.025,8.17773,8.181,1.00,1.00
2016.06.06 03:25:09.364,8.17782,8.181,1.00,1.00
2016.06.06 03:25:09.524,8.17772,8.181,1.00,1.00
2016.06.06 03:25:09.867,8.17772,8.18158,1.00,1.00
2016.06.06 03:25:10.025,8.17762,8.18158,1.50,1.00
2016.06.06 03:25:10.525,8.17773,8.18158,1.00,1.00
2016.06.06 03:25:11.026,8.17782,8.18158,1.00,1.00
2016.06.06 03:25:11.526,8.17773,8.18158,1.00,1.00
2016.06.06 03:25:11.627,8.17782,8.18158,1.00,1.00
2016.06.06 03:25:11.725,8.17782,8.18168,1.00,1.50
2016.06.06 03:25:12.113,8.17772,8.18167,1.00,1.00
2016.06.06 03:25:12.528,8.17782,8.18168,1.00,1.00
2016.06.06 03:25:13.177,8.17773,8.18158,1.00,1.00
2016.06.06 03:25:13.588,8.17772,8.18147,1.00,1.00
2016.06.06 03:25:13.829,8.17762,8.18147,1.00,1.00
2016.06.06 03:25:14.030,8.17772,8.18147,1.00,1.00
2016.06.06 03:25:18.534,8.17762,8.18147,1.00,1.00
2016.06.06 03:25:40.787,8.17762,8.18148,1.00,1.00
2016.06.06 03:25:40.874,8.17762,8.18158,1.50,1.00
2016.06.06 03:25:41.644,8.17762,8.18147,1.00,1.00
2016.06.06 03:25:46.831,8.17762,8.18148,1.00,1.00
2016.06.06 03:25:47.035,8.17752,8.18148,1.00,1.50
2016.06.06 03:25:47.367,8.17743,8.18138,1.00,1.00
2016.06.06 03:25:47.700,8.17762,8.18148,1.00,1.00
2016.06.06 03:25:48.180,8.17752,8.18148,1.00,1.50
2016.06.06 03:25:54.525,8.17762,8.18158,1.00,1.50
2016.06.06 03:25:55.185,8.17763,8.18157,1.00,1.00
2016.06.06 03:25:55.515,8.17772,8.18161,1.50,1.00
2016.06.06 03:25:55.629,8.17772,8.18168,1.50,1.00
2016.06.06 03:25:58.843,8.17782,8.18168,1.00,1.00
2016.06.06 03:25:59.024,8.17772,8.18168,1.00,1.50
2016.06.06 03:25:59.244,8.17783,8.18168,1.00,1.00
2016.06.06 03:26:00.770,8.17783,8.18177,1.00,1.00
2016.06.06 03:26:04.504,8.17783,8.18168,1.00,1.00
2016.06.06 03:26:04.658,8.17772,8.18168,1.00,1.50
2016.06.06 03:26:08.077,8.17772,8.18158,1.00,1.00
2016.06.06 03:26:08.181,8.17762,8.18158,1.00,1.50
2016.06.06 03:26:08.264,8.17753,8.18148,1.00,1.00
2016.06.06 03:26:08.610,8.17772,8.18148,1.00,1.00
2016.06.06 03:26:08.778,8.17752,8.18148,1.50,1.00
2016.06.06 03:26:11.593,8.17753,8.18148,1.00,1.00
2016.06.06 03:26:12.203,8.17752,8.18148,1.50,1.00
2016.06.06 03:26:12.444,8.17763,8.18157,1.00,1.00
2016.06.06 03:26:12.747,8.17753,8.18126,1.00,1.00
2016.06.06 03:26:13.083,8.17762,8.18126,1.00,1.00
2016.06.06 03:26:13.634,8.17763,8.18126,1.00,1.00
2016.06.06 03:26:14.207,8.17762,8.18126,1.00,1.00
2016.06.06 03:26:14.794,8.17772,8.18126,1.00,1.00
2016.06.06 03:26:15.877,8.17773,8.18126,1.00,1.00
2016.06.06 03:26:16.883,8.17772,8.18126,1.00,1.00
2016.06.06 03:26:20.603,8.17773,8.18126,1.00,1.00
2016.06.06 03:26:21.091,8.17782,8.18126,1.00,1.00
2016.06.06 03:26:25.625,8.17772,8.18126,1.00,1.00
2016.06.06 03:26:26.414,8.17782,8.18126,1.00,1.00
2016.06.06 03:26:27.404,8.17772,8.18126,1.00,1.00
2016.06.06 03:26:32.795,8.17762,8.18126,1.00,1.00
2016.06.06 03:26:35.186,8.17762,8.18098,1.00,1.00
2016.06.06 03:26:35.729,8.17763,8.18098,1.00,1.00
2016.06.06 03:26:38.627,8.17733,8.18098,1.00,1.00
2016.06.06 03:26:48.684,8.17732,8.18098,1.00,1.00
2016.06.06 03:26:48.770,8.17732,8.1808,1.00,1.00
2016.06.06 03:27:01.183,8.17733,8.1808,1.00,1.00
2016.06.06 03:27:02.617,8.17732,8.1808,1.50,1.00
2016.06.06 03:27:04.035,8.17742,8.1808,1.00,1.00
2016.06.06 03:27:18.873,8.17752,8.1808,1.00,1.00
2016.06.06 03:27:44.570,8.17762,8.1808,1.00,1.00
2016.06.06 03:27:48.879,8.17762,8.18118,1.00,1.00
2016.06.06 03:27:50.365,8.17752,8.18062,1.00,1.00
2016.06.06 03:27:52.825,8.17742,8.18062,1.50,1.00
2016.06.06 03:27:53.188,8.17752,8.18062,1.00,1.00
2016.06.06 03:27:55.633,8.17753,8.18062,1.00,1.00
2016.06.06 03:27:55.784,8.17743,8.18062,1.00,1.00
2016.06.06 03:27:56.129,8.17752,8.18062,1.00,1.00
2016.06.06 03:27:56.284,8.17742,8.18062,1.00,1.00
2016.06.06 03:27:56.436,8.17712,8.18061,1.00,1.00
2016.06.06 03:27:56.950,8.17713,8.18021,1.00,1.00
2016.06.06 03:27:57.486,8.17723,8.18021,1.00,1.00
2016.06.06 03:28:01.622,8.17732,8.18021,1.00,1.00
2016.06.06 03:28:01.800,8.17752,8.18043,1.00,1.00
2016.06.06 03:28:02.895,8.17763,8.18043,1.00,1.00
2016.06.06 03:28:03.304,8.17762,8.18099,1.00,1.00
2016.06.06 03:28:03.405,8.17772,8.18099,1.00,1.00
2016.06.06 03:28:03.733,8.17782,8.18099,1.00,1.00
2016.06.06 03:28:03.792,8.17762,8.18099,1.00,1.00
2016.06.06 03:28:04.149,8.17772,8.18099,1.00,1.00
2016.06.06 03:28:04.507,8.17772,8.18081,1.00,1.00
2016.06.06 03:28:10.050,8.17762,8.18081,1.00,1.00
2016.06.06 03:28:12.040,8.17772,8.18081,1.00,1.00
2016.06.06 03:28:21.787,8.17753,8.18081,1.00,1.00
2016.06.06 03:28:22.052,8.17762,8.18081,1.00,1.00
2016.06.06 03:28:30.058,8.17753,8.18081,1.00,1.00
2016.06.06 03:28:39.777,8.17752,8.18081,1.00,1.00
2016.06.06 03:28:46.571,8.17753,8.18081,1.00,1.00
2016.06.06 03:28:48.613,8.17762,8.18081,1.00,1.00
2016.06.06 03:28:49.704,8.17752,8.18081,1.00,1.00
2016.06.06 03:28:49.776,8.17743,8.18081,1.00,1.00
2016.06.06 03:28:50.421,8.17752,8.18081,1.00,1.00
2016.06.06 03:28:51.578,8.17743,8.18081,1.00,1.00
2016.06.06 03:28:54.580,8.17753,8.18081,1.00,1.00
2016.06.06 03:28:55.081,8.17743,8.18081,1.00,1.00
2016.06.06 03:28:56.604,8.17752,8.18081,1.00,1.00
2016.06.06 03:28:57.083,8.17743,8.18081,1.00,1.00
2016.06.06 03:28:57.923,8.17742,8.18081,1.00,1.00
2016.06.06 03:28:58.311,8.17752,8.18081,1.00,1.00
2016.06.06 03:28:59.073,8.17753,8.18081,1.00,1.00
2016.06.06 03:29:01.187,8.17752,8.18081,1.00,1.00
2016.06.06 03:29:01.817,8.17762,8.18081,1.00,1.00
2016.06.06 03:29:02.589,8.17752,8.18081,1.00,1.00
2016.06.06 03:29:02.803,8.17742,8.18081,1.50,1.00
2016.06.06 03:29:03.057,8.17742,8.1806,1.00,1.00
2016.06.06 03:29:03.517,8.17733,8.1806,1.00,1.00
2016.06.06 03:29:04.734,8.17732,8.1806,1.00,1.00
2016.06.06 03:29:05.995,8.17742,8.1806,1.00,1.00
2016.06.06 03:29:06.417,8.17752,8.1806,1.00,1.00
2016.06.06 03:29:10.875,8.17742,8.1806,1.00,1.00
2016.06.06 03:29:13.003,8.17752,8.1806,1.00,1.00
2016.06.06 03:29:15.241,8.17742,8.1806,1.00,1.00
2016.06.06 03:29:15.730,8.17753,8.1806,1.00,1.00
2016.06.06 03:29:15.908,8.17742,8.1806,1.00,1.00
2016.06.06 03:29:21.099,8.17732,8.1806,2.25,1.00
2016.06.06 03:29:22.591,8.17742,8.1806,1.00,1.00
2016.06.06 03:29:30.652,8.17762,8.18089,1.00,1.00
2016.06.06 03:29:30.753,8.17772,8.18129,1.00,1.00
2016.06.06 03:29:30.804,8.17772,8.181,1.00,1.00
2016.06.06 03:29:30.854,8.17762,8.181,1.50,1.00
2016.06.06 03:29:31.064,8.17773,8.181,1.00,1.00
2016.06.06 03:29:31.122,8.17762,8.181,1.50,1.00
2016.06.06 03:29:31.423,8.17772,8.181,1.00,1.00
2016.06.06 03:29:32.124,8.17763,8.181,1.00,1.00
2016.06.06 03:29:32.663,8.17762,8.181,1.50,1.00
2016.06.06 03:29:35.092,8.17763,8.181,1.00,1.00
2016.06.06 03:29:41.896,8.17773,8.181,1.00,1.00
2016.06.06 03:29:42.504,8.17772,8.181,1.00,1.00
2016.06.06 03:29:45.342,8.17783,8.18122,1.00,1.00
2016.06.06 03:29:45.906,8.17792,8.18122,1.00,1.00
2016.06.06 03:29:48.967,8.17782,8.18122,1.00,1.00
2016.06.06 03:29:49.832,8.17792,8.18122,1.00,1.00
2016.06.06 03:30:00.781,8.17802,8.18122,1.00,1.00
2016.06.06 03:30:00.833,8.17792,8.18122,1.00,1.00
2016.06.06 03:30:17.440,8.17793,8.18122,1.00,1.00
2016.06.06 03:30:18.110,8.17792,8.18122,1.00,1.00
2016.06.06 03:30:18.541,8.17782,8.18122,1.00,1.00
2016.06.06 03:30:18.642,8.17782,8.18113,1.00,1.00
2016.06.06 03:30:18.692,8.17772,8.18113,1.00,1.00
2016.06.06 03:30:18.896,8.17762,8.18113,1.00,1.00
2016.06.06 03:30:19.090,8.17772,8.18113,1.00,1.00
2016.06.06 03:30:20.521,8.17762,8.18113,1.00,1.00
2016.06.06 03:30:29.357,8.17763,8.18113,1.00,1.00
2016.06.06 03:30:29.870,8.17773,8.18113,1.00,1.00
2016.06.06 03:30:30.200,8.17762,8.18113,1.00,1.00
2016.06.06 03:30:30.310,8.17773,8.18113,1.00,1.00
2016.06.06 03:30:30.420,8.17763,8.18113,1.00,1.00
2016.06.06 03:30:30.724,8.17772,8.18113,1.00,1.00
2016.06.06 03:30:31.567,8.17773,8.18113,1.00,1.00
2016.06.06 03:30:33.074,8.17782,8.18113,1.00,1.00
2016.06.06 03:30:43.488,8.17782,8.18135,1.00,1.00
2016.06.06 03:30:43.621,8.17792,8.18135,1.00,1.00
2016.06.06 03:30:43.672,8.17792,8.18187,1.00,1.00
2016.06.06 03:30:43.773,8.17812,8.18187,1.00,1.50
2016.06.06 03:30:44.087,8.17812,8.18151,1.00,1.00
2016.06.06 03:30:45.487,8.17812,8.18187,1.00,1.00
2016.06.06 03:30:45.538,8.17822,8.18208,1.00,1.00
2016.06.06 03:30:45.639,8.17832,8.18198,1.00,1.00
2016.06.06 03:30:45.997,8.17832,8.18188,1.00,1.00
2016.06.06 03:30:46.317,8.17832,8.18178,1.00,1.00
2016.06.06 03:30:47.948,8.17842,8.18178,1.00,1.00
2016.06.06 03:30:48.049,8.17832,8.18178,1.00,1.00
2016.06.06 03:30:48.240,8.17842,8.18178,1.00,1.00
2016.06.06 03:30:48.570,8.17832,8.18178,1.00,1.00
2016.06.06 03:30:50.581,8.17832,8.18196,1.00,1.00
2016.06.06 03:30:50.632,8.17852,8.18196,1.00,1.00
2016.06.06 03:30:51.056,8.17862,8.18196,1.00,1.00
2016.06.06 03:30:51.287,8.17862,8.18248,1.00,1.00
2016.06.06 03:30:51.997,8.17872,8.18219,1.00,1.00
2016.06.06 03:30:52.048,8.17872,8.18267,1.50,1.00
2016.06.06 03:30:52.099,8.17893,8.18267,1.00,1.00
2016.06.06 03:30:52.341,8.17882,8.18258,1.00,1.00
2016.06.06 03:30:52.487,8.17882,8.18223,1.00,1.00
2016.06.06 03:30:54.669,8.17872,8.18223,1.00,1.00
2016.06.06 03:30:58.825,8.17873,8.18223,1.00,1.00
2016.06.06 03:31:00.027,8.17862,8.18223,1.00,1.00
2016.06.06 03:31:01.267,8.17872,8.18223,1.00,1.00
2016.06.06 03:31:03.249,8.17863,8.18223,1.00,1.00
2016.06.06 03:31:06.169,8.17862,8.18223,1.00,1.00
2016.06.06 03:31:09.053,8.17872,8.18223,1.00,1.00
2016.06.06 03:31:09.384,8.17892,8.18223,1.00,1.00
2016.06.06 03:31:09.489,8.17883,8.18223,1.00,1.00
2016.06.06 03:31:09.700,8.17873,8.18223,1.00,1.00
2016.06.06 03:31:09.800,8.17882,8.18223,1.00,1.00
2016.06.06 03:31:09.951,8.17872,8.18223,1.00,1.00
2016.06.06 03:31:11.230,8.17882,8.18223,1.00,1.00
2016.06.06 03:31:11.339,8.17872,8.18223,1.00,1.00
2016.06.06 03:31:11.606,8.17883,8.18223,1.00,1.00
2016.06.06 03:31:13.224,8.17872,8.18223,1.00,1.00
2016.06.06 03:31:13.358,8.17862,8.18223,1.00,1.00
2016.06.06 03:31:16.105,8.17872,8.18223,1.00,1.00
2016.06.06 03:31:17.214,8.17882,8.18223,1.00,1.00
2016.06.06 03:31:18.535,8.17883,8.18223,1.00,1.00
2016.06.06 03:31:19.089,8.17893,8.18223,1.00,1.00
2016.06.06 03:31:20.507,8.17893,8.18245,1.00,1.00
2016.06.06 03:31:22.933,8.17902,8.18245,1.00,1.00
2016.06.06 03:31:23.452,8.17903,8.18245,1.00,1.00
2016.06.06 03:31:23.880,8.17912,8.18245,1.00,1.00
2016.06.06 03:31:24.034,8.17903,8.18245,1.00,1.00
2016.06.06 03:31:24.584,8.17902,8.18245,1.00,1.00
2016.06.06 03:31:24.970,8.17913,8.18245,1.00,1.00
2016.06.06 03:31:29.098,8.17872,8.18237,1.00,1.00
2016.06.06 03:31:29.200,8.17852,8.18228,1.00,1.00
2016.06.06 03:31:29.577,8.17852,8.18218,1.00,1.00
2016.06.06 03:31:31.090,8.17852,8.18208,1.00,1.00
2016.06.06 03:31:31.141,8.17842,8.18208,1.00,1.00
2016.06.06 03:31:31.192,8.17842,8.18188,1.00,1.00
2016.06.06 03:31:31.293,8.17823,8.18188,1.00,1.00
2016.06.06 03:31:31.675,8.17823,8.18198,1.00,1.00
2016.06.06 03:31:31.999,8.17812,8.18198,1.00,1.00
2016.06.06 03:31:32.697,8.17812,8.18166,1.00,1.00
2016.06.06 03:31:33.113,8.17812,8.18188,1.00,1.00
2016.06.06 03:31:33.163,8.17812,8.18177,1.00,1.00
2016.06.06 03:31:33.445,8.17793,8.18177,1.00,1.00
2016.06.06 03:31:33.496,8.17782,8.18167,1.00,1.00
2016.06.06 03:31:33.597,8.17772,8.18167,1.00,1.00
2016.06.06 03:31:33.995,8.17772,8.18158,1.00,1.00
2016.06.06 03:31:34.151,8.17752,8.18148,1.00,1.50
2016.06.06 03:31:35.297,8.17752,8.18132,1.00,1.00
2016.06.06 03:31:35.638,8.17763,8.18111,1.00,1.00
2016.06.06 03:31:35.689,8.17782,8.18131,1.00,1.00
2016.06.06 03:31:35.790,8.17773,8.18131,1.00,1.00
2016.06.06 03:31:36.012,8.17792,8.18131,1.00,1.00
2016.06.06 03:31:36.968,8.17783,8.18131,1.00,1.00
2016.06.06 03:31:37.129,8.17773,8.18131,1.00,1.00
2016.06.06 03:31:42.978,8.17762,8.18131,1.00,1.00
2016.06.06 03:31:43.130,8.17772,8.18131,1.00,1.00
2016.06.06 03:31:44.009,8.17762,8.18131,1.00,1.00
2016.06.06 03:31:44.334,8.17773,8.18131,1.00,1.00
2016.06.06 03:31:48.204,8.17762,8.18131,1.00,1.00
2016.06.06 03:31:50.389,8.17772,8.18131,1.00,1.00
2016.06.06 03:31:51.711,8.17782,8.18131,1.00,1.00
2016.06.06 03:31:53.909,8.17772,8.18131,1.00,1.00
2016.06.06 03:31:54.349,8.17782,8.18131,1.00,1.00
2016.06.06 03:31:56.219,8.17772,8.18131,1.00,1.00
2016.06.06 03:32:01.419,8.17772,8.18107,1.00,1.00
2016.06.06 03:32:01.523,8.17762,8.18107,1.00,1.00
2016.06.06 03:32:01.884,8.17752,8.18107,1.50,1.00
2016.06.06 03:32:02.050,8.17743,8.18107,1.50,1.00
2016.06.06 03:32:02.178,8.17762,8.18107,1.00,1.00
2016.06.06 03:32:02.279,8.17753,8.18107,1.00,1.00
2016.06.06 03:32:04.441,8.17733,8.18107,1.00,1.00
2016.06.06 03:32:04.580,8.17722,8.18108,1.00,1.00
2016.06.06 03:32:04.906,8.17722,8.18087,1.00,1.00
2016.06.06 03:32:05.438,8.17722,8.18088,1.00,1.00
2016.06.06 03:32:05.794,8.17722,8.18063,1.00,1.00
2016.06.06 03:32:07.486,8.17733,8.18063,1.00,1.00
2016.06.06 03:32:07.769,8.17692,8.18063,1.00,1.00
2016.06.06 03:32:07.820,8.17683,8.18063,1.00,1.00
2016.06.06 03:32:07.880,8.17692,8.18063,1.00,1.00
2016.06.06 03:32:08.131,8.17692,8.18078,1.00,1.50
2016.06.06 03:32:08.627,8.17692,8.18039,1.00,1.00
2016.06.06 03:32:09.199,8.17682,8.18039,1.00,1.00
2016.06.06 03:32:09.309,8.17692,8.18039,1.00,1.00
2016.06.06 03:32:09.764,8.17703,8.18039,1.00,1.00
2016.06.06 03:32:10.217,8.17713,8.18039,1.00,1.00
2016.06.06 03:32:10.267,8.17713,8.18098,1.00,1.00
2016.06.06 03:32:10.338,8.17713,8.18071,1.00,1.00
2016.06.06 03:32:10.715,8.17722,8.18071,1.00,1.00
2016.06.06 03:32:14.284,8.17722,8.18118,1.50,1.00
2016.06.06 03:32:14.335,8.17803,8.18174,1.00,1.00
2016.06.06 03:32:14.644,8.17822,8.18178,1.00,1.00
2016.06.06 03:32:14.719,8.17822,8.18187,1.00,1.00
2016.06.06 03:32:15.032,8.17822,8.18178,1.00,1.00
2016.06.06 03:32:15.351,8.17832,8.18188,1.00,1.00
2016.06.06 03:32:15.402,8.17822,8.18188,1.00,1.00
2016.06.06 03:32:15.553,8.17822,8.18198,1.00,1.00
2016.06.06 03:32:15.822,8.17822,8.18178,1.00,1.00
2016.06.06 03:32:16.021,8.17822,8.18188,1.00,1.00
2016.06.06 03:32:16.756,8.17822,8.18172,1.00,1.00
2016.06.06 03:32:24.831,8.17822,8.18168,1.00,1.00
2016.06.06 03:32:25.177,8.17812,8.18168,1.00,1.00
2016.06.06 03:32:27.551,8.17812,8.18158,1.00,1.00
2016.06.06 03:32:27.708,8.17802,8.18158,1.00,1.00
2016.06.06 03:32:27.759,8.17802,8.18148,1.00,1.00
2016.06.06 03:32:28.012,8.17786,8.18158,1.37,1.00
2016.06.06 03:32:28.064,8.17782,8.18158,1.00,1.00
2016.06.06 03:32:28.165,8.17772,8.18158,1.00,1.00
2016.06.06 03:32:28.516,8.17772,8.18134,1.00,1.00
2016.06.06 03:32:33.962,8.17792,8.18134,1.00,1.00
2016.06.06 03:32:34.013,8.17792,8.18168,1.00,1.00
2016.06.06 03:32:34.064,8.17802,8.18188,1.00,1.00
2016.06.06 03:32:34.219,8.17822,8.18188,1.00,1.00
2016.06.06 03:32:34.270,8.17822,8.18191,1.00,1.00
2016.06.06 03:32:34.497,8.17822,8.18161,1.00,1.00
2016.06.06 03:32:34.548,8.17833,8.18217,1.00,1.00
2016.06.06 03:32:34.942,8.17833,8.18207,1.00,1.00
2016.06.06 03:32:35.049,8.17822,8.18207,1.00,1.00
2016.06.06 03:32:35.100,8.17822,8.18178,1.00,1.00
2016.06.06 03:32:36.181,8.17812,8.18178,1.00,1.00
2016.06.06 03:32:36.294,8.17802,8.18178,1.00,1.00
2016.06.06 03:32:36.479,8.17812,8.18177,1.00,1.00
2016.06.06 03:32:37.045,8.17803,8.18177,1.00,1.00
2016.06.06 03:32:37.365,8.17792,8.18177,1.50,1.00
2016.06.06 03:32:37.908,8.17802,8.18177,1.00,1.00
2016.06.06 03:32:44.431,8.17792,8.18177,1.50,1.00
2016.06.06 03:32:44.951,8.17792,8.18178,1.50,1.00
2016.06.06 03:32:45.609,8.17802,8.18178,1.00,1.00
2016.06.06 03:32:46.756,8.17802,8.18177,1.00,1.00
2016.06.06 03:32:46.928,8.17793,8.18177,1.00,1.00
2016.06.06 03:32:47.258,8.17802,8.18177,1.00,1.00
2016.06.06 03:32:50.009,8.17792,8.18177,1.50,1.00
2016.06.06 03:32:54.062,8.17792,8.18178,1.50,1.00
2016.06.06 03:32:55.284,8.17793,8.18178,1.00,1.00
2016.06.06 03:32:58.575,8.17793,8.18168,1.00,1.00
2016.06.06 03:32:59.121,8.17792,8.18178,1.50,1.50
2016.06.06 03:32:59.249,8.17802,8.18178,1.00,1.50
2016.06.06 03:33:00.458,8.17792,8.18178,1.50,1.50
2016.06.06 03:33:01.574,8.17802,8.18178,1.00,1.50
2016.06.06 03:33:01.892,8.17813,8.18178,1.00,1.00
2016.06.06 03:33:04.447,8.17812,8.18178,1.00,1.00
2016.06.06 03:33:05.031,8.17813,8.18178,1.00,1.00
2016.06.06 03:33:05.819,8.17812,8.18178,1.00,1.00
2016.06.06 03:33:08.077,8.17822,8.18178,1.00,1.00
2016.06.06 03:33:11.698,8.17812,8.18178,1.00,1.00
2016.06.06 03:33:22.499,8.17803,8.18178,1.00,1.00
2016.06.06 03:33:22.864,8.17802,8.1815,1.50,1.00
2016.06.06 03:33:24.986,8.17792,8.1815,1.00,1.00
2016.06.06 03:33:26.674,8.17802,8.1815,1.00,1.00
2016.06.06 03:33:31.698,8.17803,8.1815,1.00,1.00
2016.06.06 03:33:32.258,8.17802,8.1815,1.00,1.00
2016.06.06 03:33:44.258,8.17792,8.1815,1.00,1.00
2016.06.06 03:33:44.348,8.17802,8.1815,1.00,1.00
2016.06.06 03:33:50.508,8.17793,8.1815,1.00,1.00
2016.06.06 03:33:50.770,8.17802,8.1815,1.00,1.00
2016.06.06 03:33:51.938,8.17812,8.1815,1.00,1.00
2016.06.06 03:33:57.484,8.17802,8.1815,1.50,1.00
2016.06.06 03:34:01.838,8.17803,8.1815,1.00,1.00
2016.06.06 03:34:03.708,8.17802,8.1815,1.00,1.00
2016.06.06 03:34:09.015,8.17812,8.1815,1.00,1.00
2016.06.06 03:34:09.117,8.17822,8.1817,1.00,1.00
2016.06.06 03:34:10.077,8.17832,8.1817,1.00,1.00
2016.06.06 03:34:10.576,8.17822,8.1817,1.50,1.00
2016.06.06 03:34:40.496,8.17812,8.1817,1.50,1.00
2016.06.06 03:34:43.803,8.17822,8.1817,1.00,1.00
2016.06.06 03:34:44.123,8.17833,8.1817,1.00,1.00
2016.06.06 03:34:46.402,8.17842,8.1817,1.00,1.00
2016.06.06 03:34:46.453,8.17842,8.18196,1.00,1.00
2016.06.06 03:34:46.869,8.17852,8.18196,1.00,1.00
2016.06.06 03:34:51.020,8.17852,8.18214,1.50,1.00
2016.06.06 03:34:51.271,8.17863,8.18214,1.00,1.00
2016.06.06 03:34:56.694,8.17863,8.18257,1.50,1.00
2016.06.06 03:34:56.745,8.17872,8.18261,1.00,1.00
2016.06.06 03:34:57.111,8.17882,8.18261,1.50,1.00
2016.06.06 03:34:57.448,8.17902,8.18239,1.00,1.00
2016.06.06 03:34:57.937,8.17892,8.18239,1.00,1.00
2016.06.06 03:34:59.367,8.17893,8.18239,1.00,1.00
2016.06.06 03:35:02.686,8.17892,8.18239,1.00,1.00
2016.06.06 03:35:03.285,8.17893,8.18239,1.00,1.00
2016.06.06 03:35:03.456,8.17882,8.18239,1.00,1.00
2016.06.06 03:35:05.562,8.17893,8.18239,1.00,1.00
2016.06.06 03:35:05.613,8.17893,8.18287,1.00,1.00
2016.06.06 03:35:05.664,8.17902,8.18288,1.00,1.00
2016.06.06 03:35:05.969,8.17922,8.18294,1.00,1.00
2016.06.06 03:35:06.647,8.17922,8.18275,1.00,1.00
2016.06.06 03:35:12.786,8.17912,8.18275,1.00,1.00
2016.06.06 03:35:13.226,8.17922,8.18275,1.00,1.00
2016.06.06 03:35:14.977,8.17922,8.18318,1.00,1.50
2016.06.06 03:35:15.028,8.17922,8.18296,1.00,1.00
2016.06.06 03:35:15.079,8.17922,8.18298,1.00,1.00
2016.06.06 03:35:15.206,8.17952,8.18328,1.00,1.00
2016.06.06 03:35:15.519,8.17942,8.18301,1.00,1.00
2016.06.06 03:35:18.552,8.17952,8.18301,1.00,1.00
2016.06.06 03:35:19.155,8.17953,8.18301,1.00,1.00
2016.06.06 03:35:20.596,8.17952,8.18301,1.00,1.00
2016.06.06 03:35:20.766,8.17962,8.18322,1.00,1.00
2016.06.06 03:35:21.228,8.17962,8.18318,1.00,1.00
2016.06.06 03:35:21.411,8.17953,8.18318,1.00,1.00
2016.06.06 03:35:21.521,8.17963,8.18318,1.00,1.00
2016.06.06 03:35:21.586,8.17952,8.18318,1.00,1.00
2016.06.06 03:35:21.850,8.17952,8.18322,1.00,1.00
2016.06.06 03:35:22.981,8.17962,8.18322,1.00,1.00
2016.06.06 03:35:23.339,8.17992,8.18348,1.00,1.00
2016.06.06 03:35:23.463,8.17992,8.18368,1.00,1.50
2016.06.06 03:35:23.629,8.17992,8.18343,1.00,1.00
2016.06.06 03:35:23.818,8.17982,8.18343,1.00,1.00
2016.06.06 03:35:26.537,8.17992,8.18343,1.00,1.00
2016.06.06 03:35:27.086,8.17963,8.18343,1.00,1.00
2016.06.06 03:35:27.187,8.17963,8.18322,1.00,1.00
2016.06.06 03:35:27.368,8.17962,8.18349,1.00,1.00
2016.06.06 03:35:27.419,8.17952,8.18348,1.00,1.50
2016.06.06 03:35:27.469,8.17952,8.18338,1.00,1.00
2016.06.06 03:35:27.520,8.17952,8.18347,1.00,1.00
2016.06.06 03:35:27.621,8.17952,8.18338,1.00,1.00
2016.06.06 03:35:28.016,8.17952,8.18314,1.00,1.00
2016.06.06 03:35:28.734,8.17962,8.18314,1.00,1.00
2016.06.06 03:35:32.256,8.17952,8.18314,1.50,1.00
2016.06.06 03:35:32.721,8.17952,8.18325,1.00,1.00
2016.06.06 03:35:33.247,8.17952,8.1829,1.00,1.00
2016.06.06 03:35:34.126,8.17942,8.1829,1.50,1.00
2016.06.06 03:35:39.463,8.17953,8.1829,1.00,1.00
2016.06.06 03:35:39.514,8.17953,8.18311,1.00,1.00
2016.06.06 03:35:39.786,8.17943,8.18311,1.00,1.00
2016.06.06 03:35:40.366,8.17943,8.18287,1.00,1.00
2016.06.06 03:35:40.537,8.17932,8.18287,1.00,1.00
2016.06.06 03:35:44.246,8.17922,8.18287,1.50,1.00
2016.06.06 03:35:52.398,8.17922,8.1827,1.00,1.00
2016.06.06 03:35:52.500,8.17903,8.1827,1.00,1.00
2016.06.06 03:35:52.551,8.17903,8.18278,1.00,1.00
2016.06.06 03:35:52.783,8.17882,8.18258,1.00,1.00
2016.06.06 03:35:52.833,8.17862,8.18238,1.00,1.00
2016.06.06 03:35:53.103,8.17862,8.18248,1.00,1.00
2016.06.06 03:35:53.204,8.17853,8.18247,1.00,1.00
2016.06.06 03:35:54.405,8.17853,8.1821,1.00,1.00
2016.06.06 03:35:54.785,8.17852,8.18236,1.00,1.00
2016.06.06 03:35:54.836,8.17843,8.18236,1.00,1.00
2016.06.06 03:35:54.965,8.17843,8.18203,1.00,1.00
2016.06.06 03:35:56.322,8.17843,8.1822,1.00,1.00
2016.06.06 03:35:56.373,8.17822,8.18208,1.00,1.00
2016.06.06 03:35:56.474,8.17812,8.18207,1.00,1.00
2016.06.06 03:35:56.708,8.17803,8.18198,1.00,1.00
2016.06.06 03:35:57.172,8.17802,8.18187,1.00,1.00
2016.06.06 03:35:57.936,8.17802,8.18156,1.00,1.00
2016.06.06 03:35:58.545,8.17812,8.18156,1.00,1.00
2016.06.06 03:35:58.596,8.17812,8.18178,1.00,1.00
2016.06.06 03:35:58.648,8.17832,8.18178,1.00,1.00
2016.06.06 03:35:58.749,8.17822,8.18178,1.00,1.00
2016.06.06 03:35:58.800,8.17813,8.18178,1.00,1.00
2016.06.06 03:35:58.851,8.17822,8.18178,1.00,1.00
2016.06.06 03:36:03.815,8.17812,8.18178,1.00,1.00
2016.06.06 03:36:05.701,8.17822,8.18178,1.00,1.00
2016.06.06 03:36:05.802,8.17822,8.18196,1.00,1.00
2016.06.06 03:36:05.853,8.17842,8.18196,1.00,1.00
2016.06.06 03:36:07.052,8.17832,8.18196,1.00,1.00
2016.06.06 03:36:08.445,8.17833,8.18196,1.00,1.00
2016.06.06 03:36:11.834,8.17822,8.18196,1.00,1.00
2016.06.06 03:36:22.806,8.17822,8.18174,1.00,1.00
2016.06.06 03:36:23.079,8.17812,8.18174,1.00,1.00
2016.06.06 03:36:23.830,8.17813,8.18174,1.00,1.00
2016.06.06 03:36:23.881,8.17822,8.18174,1.00,1.00
2016.06.06 03:36:24.080,8.17802,8.18186,1.00,1.00
2016.06.06 03:36:24.137,8.17802,8.18178,1.00,1.00
2016.06.06 03:36:24.606,8.17793,8.18168,1.00,1.00
2016.06.06 03:36:24.758,8.17782,8.18158,1.00,1.00
2016.06.06 03:36:24.882,8.17772,8.18158,1.00,1.00
2016.06.06 03:36:25.166,8.17782,8.18158,1.00,1.00
2016.06.06 03:36:25.239,8.17782,8.18168,1.00,1.00
2016.06.06 03:36:25.290,8.17782,8.18138,1.00,1.00
2016.06.06 03:36:25.385,8.17772,8.18138,1.00,1.00
2016.06.06 03:36:25.988,8.17773,8.18138,1.00,1.00
2016.06.06 03:36:27.342,8.17772,8.18138,1.00,1.00
2016.06.06 03:36:28.796,8.17763,8.18138,1.00,1.00
2016.06.06 03:36:28.905,8.17772,8.18138,1.00,1.00
2016.06.06 03:36:29.345,8.17762,8.18138,1.00,1.00
2016.06.06 03:36:32.535,8.17753,8.18138,1.00,1.00
2016.06.06 03:36:32.586,8.17752,8.18113,1.00,1.00
2016.06.06 03:36:32.645,8.17752,8.18143,1.00,1.00
2016.06.06 03:36:32.796,8.17762,8.18143,1.00,1.00
2016.06.06 03:36:33.166,8.17762,8.18106,1.00,1.00
2016.06.06 03:36:34.686,8.17762,8.18131,1.00,1.00
2016.06.06 03:36:34.845,8.17772,8.18131,1.00,1.00
2016.06.06 03:37:01.675,8.17782,8.18131,1.00,1.00
2016.06.06 03:37:01.827,8.17802,8.18168,1.00,1.00
2016.06.06 03:37:02.029,8.17812,8.18168,1.00,1.00
2016.06.06 03:37:02.080,8.17812,8.18178,1.00,1.00
2016.06.06 03:37:02.207,8.17812,8.18185,1.00,1.00
2016.06.06 03:37:02.944,8.17812,8.18171,1.00,1.00
2016.06.06 03:37:03.270,8.17822,8.18171,1.00,1.00
2016.06.06 03:37:03.371,8.17822,8.18188,1.00,1.00
2016.06.06 03:37:03.485,8.17822,8.18178,1.00,1.00
2016.06.06 03:37:04.027,8.17832,8.18207,1.00,1.00
2016.06.06 03:37:04.200,8.17843,8.18207,1.00,1.00
2016.06.06 03:37:04.251,8.17842,8.18218,1.00,1.00
2016.06.06 03:37:04.353,8.17852,8.18217,1.00,1.00
2016.06.06 03:37:05.335,8.17842,8.18217,1.00,1.00
2016.06.06 03:37:05.561,8.17842,8.18198,1.00,1.00
2016.06.06 03:37:05.956,8.17842,8.18192,1.00,1.00
2016.06.06 03:37:06.007,8.17832,8.18192,1.00,1.00
2016.06.06 03:37:06.095,8.17842,8.18192,1.00,1.00
2016.06.06 03:37:06.605,8.17842,8.18208,1.00,1.00
2016.06.06 03:37:06.706,8.17842,8.1821,1.00,1.00
2016.06.06 03:37:07.282,8.17842,8.18207,1.00,1.00
2016.06.06 03:37:12.106,8.17842,8.1821,1.00,1.00
2016.06.06 03:37:15.338,8.17872,8.18238,1.00,1.00
2016.06.06 03:37:15.439,8.17872,8.18268,1.00,1.50
2016.06.06 03:37:15.489,8.17882,8.18268,1.00,1.00
2016.06.06 03:37:15.807,8.17893,8.18271,1.00,1.00
2016.06.06 03:37:16.385,8.17892,8.18248,1.00,1.00
2016.06.06 03:37:25.162,8.17882,8.18248,1.00,1.00
2016.06.06 03:37:31.246,8.17882,8.18227,1.00,1.00
2016.06.06 03:37:31.297,8.17872,8.18227,1.00,1.00
2016.06.06 03:37:32.062,8.17873,8.18227,1.00,1.00
2016.06.06 03:37:32.213,8.17882,8.18227,1.00,1.00
2016.06.06 03:37:35.362,8.17892,8.18227,1.00,1.00
2016.06.06 03:37:35.794,8.17883,8.18227,1.00,1.00
2016.06.06 03:37:41.405,8.17893,8.18227,1.00,1.00
2016.06.06 03:37:52.724,8.17893,8.18247,1.00,1.00
2016.06.06 03:37:54.774,8.17882,8.18247,1.00,1.00
2016.06.06 03:37:59.602,8.17893,8.18247,1.00,1.00
2016.06.06 03:37:59.703,8.17882,8.18247,1.00,1.00
2016.06.06 03:38:00.385,8.17892,8.18247,1.00,1.00
2016.06.06 03:38:00.617,8.17902,8.18298,1.00,1.50
2016.06.06 03:38:00.668,8.17922,8.18298,1.00,1.00
2016.06.06 03:38:01.000,8.17912,8.18268,1.00,1.00
2016.06.06 03:38:01.324,8.17902,8.18268,1.00,1.50
2016.06.06 03:38:02.534,8.17912,8.18268,1.00,1.50
2016.06.06 03:38:03.194,8.17902,8.18268,1.00,1.50
2016.06.06 03:38:04.339,8.17902,8.18267,1.00,1.00
2016.06.06 03:38:04.883,8.17902,8.18268,1.00,1.00
2016.06.06 03:38:13.644,8.17893,8.18268,1.00,1.00
2016.06.06 03:38:13.745,8.17893,8.18246,1.00,1.00
2016.06.06 03:38:14.455,8.17892,8.18246,1.00,1.00
2016.06.06 03:38:14.744,8.17883,8.18246,1.00,1.00
2016.06.06 03:38:14.795,8.17892,8.18246,1.00,1.00
2016.06.06 03:38:16.565,8.17882,8.18246,1.50,1.00
2016.06.06 03:38:16.616,8.17892,8.18246,1.00,1.00
2016.06.06 03:38:16.724,8.17882,8.18246,1.50,1.00
2016.06.06 03:38:16.834,8.17892,8.18246,1.00,1.00
2016.06.06 03:38:17.174,8.17902,8.18246,1.00,1.00
2016.06.06 03:38:17.604,8.17882,8.18246,1.50,1.00
2016.06.06 03:38:24.910,8.17892,8.18246,1.00,1.00
2016.06.06 03:38:25.451,8.17903,8.18246,1.00,1.00
2016.06.06 03:38:25.502,8.17913,8.18308,1.00,1.00
2016.06.06 03:38:25.634,8.17923,8.1831,1.00,1.00
2016.06.06 03:38:26.244,8.17923,8.1828,1.00,1.00
2016.06.06 03:38:32.378,8.17912,8.1828,1.50,1.00
2016.06.06 03:38:32.582,8.17922,8.1828,1.00,1.00
2016.06.06 03:38:43.275,8.17912,8.1828,1.00,1.00
2016.06.06 03:38:49.518,8.17922,8.1828,1.00,1.00
2016.06.06 03:38:50.053,8.17913,8.1828,1.00,1.00
2016.06.06 03:38:50.629,8.17912,8.1828,1.00,1.00
2016.06.06 03:38:55.559,8.17922,8.1828,1.00,1.00
2016.06.06 03:38:55.674,8.17912,8.1828,1.00,1.00
2016.06.06 03:38:57.044,8.17912,8.18257,1.00,1.00
2016.06.06 03:38:57.145,8.17902,8.18257,1.00,1.00
2016.06.06 03:38:57.246,8.17892,8.18268,1.00,1.00
2016.06.06 03:38:57.297,8.17892,8.18278,1.00,1.00
2016.06.06 03:38:57.543,8.17883,8.18277,1.00,1.00
2016.06.06 03:38:58.164,8.17882,8.18234,1.00,1.00
2016.06.06 03:38:58.214,8.17872,8.18261,1.00,1.00
2016.06.06 03:38:58.315,8.17872,8.18232,1.00,1.00
2016.06.06 03:38:58.366,8.17872,8.18259,1.00,1.00
2016.06.06 03:38:58.744,8.17872,8.18231,1.00,1.00
2016.06.06 03:38:59.471,8.17872,8.18248,1.00,1.50
2016.06.06 03:38:59.522,8.17872,8.18223,1.00,1.00
2016.06.06 03:39:03.966,8.17862,8.18223,1.00,1.00
2016.06.06 03:39:04.414,8.17853,8.18223,1.00,1.00
2016.06.06 03:39:04.855,8.17852,8.182,1.50,1.00
2016.06.06 03:39:07.620,8.17862,8.18218,1.00,1.00
2016.06.06 03:39:07.825,8.17872,8.18218,1.00,1.00
2016.06.06 03:39:08.289,8.17862,8.18218,1.50,1.00
2016.06.06 03:39:08.367,8.17872,8.18218,1.00,1.00
2016.06.06 03:39:08.994,8.17862,8.18218,1.50,1.00
2016.06.06 03:39:12.095,8.17853,8.18218,1.00,1.00
2016.06.06 03:39:18.613,8.17852,8.18218,1.00,1.00
2016.06.06 03:39:25.318,8.17842,8.18192,1.00,1.00
2016.06.06 03:39:25.535,8.17832,8.18192,1.00,1.00
2016.06.06 03:39:25.765,8.17832,8.18196,1.00,1.00
2016.06.06 03:39:25.866,8.17842,8.18196,1.00,1.00
2016.06.06 03:39:26.681,8.17852,8.18196,1.00,1.00
2016.06.06 03:39:26.823,8.17842,8.18196,1.50,1.00
2016.06.06 03:39:39.023,8.17852,8.18196,1.00,1.00
2016.06.06 03:39:39.301,8.17852,8.18218,1.00,1.00
2016.06.06 03:39:42.114,8.17892,8.18218,1.00,1.00
2016.06.06 03:39:42.339,8.17882,8.18218,1.00,1.00
2016.06.06 03:40:06.208,8.17893,8.18218,1.00,1.00
2016.06.06 03:40:06.538,8.17893,8.18239,1.00,1.00
2016.06.06 03:40:06.704,8.17893,8.18287,1.00,1.00
2016.06.06 03:40:06.755,8.17902,8.18288,1.00,1.00
2016.06.06 03:40:07.105,8.17912,8.18255,1.00,1.00
2016.06.06 03:40:07.206,8.17912,8.18296,1.00,1.00
2016.06.06 03:40:07.471,8.17912,8.18261,1.00,1.00
2016.06.06 03:40:10.804,8.17902,8.18261,1.00,1.00
2016.06.06 03:40:10.855,8.17902,8.18243,1.00,1.00
2016.06.06 03:40:10.956,8.17893,8.18243,1.00,1.00
2016.06.06 03:40:11.058,8.17882,8.18243,1.00,1.00
2016.06.06 03:40:12.903,8.17892,8.18243,1.00,1.00
2016.06.06 03:40:20.255,8.17892,8.18248,1.00,1.00
2016.06.06 03:40:20.306,8.17872,8.18248,1.00,1.00
2016.06.06 03:40:20.554,8.17872,8.18228,1.00,1.00
2016.06.06 03:40:20.604,8.17863,8.18238,1.00,1.00
2016.06.06 03:40:20.674,8.17863,8.18248,1.00,1.00
2016.06.06 03:40:20.853,8.17863,8.1821,1.00,1.00
2016.06.06 03:40:21.549,8.17862,8.1821,1.00,1.00
2016.06.06 03:40:22.075,8.17863,8.1821,1.00,1.00
2016.06.06 03:40:23.183,8.17853,8.1821,1.00,1.00
2016.06.06 03:40:28.336,8.17843,8.1821,1.50,1.00
2016.06.06 03:40:30.592,8.17843,8.18189,1.00,1.00
2016.06.06 03:40:30.643,8.17833,8.18218,1.00,1.00
2016.06.06 03:40:30.795,8.17833,8.18207,1.00,1.00
2016.06.06 03:40:31.098,8.17833,8.18217,1.00,1.00
2016.06.06 03:40:31.183,8.17833,8.18208,1.00,1.00
2016.06.06 03:40:31.273,8.17822,8.18208,1.00,1.00
2016.06.06 03:40:31.594,8.17822,8.18171,1.00,1.00
2016.06.06 03:40:33.142,8.17832,8.18171,1.00,1.00
2016.06.06 03:40:33.407,8.17823,8.18171,1.00,1.00
2016.06.06 03:40:33.583,8.17812,8.18171,1.00,1.00
2016.06.06 03:40:34.572,8.17822,8.18171,1.00,1.00
2016.06.06 03:40:37.040,8.17812,8.18171,1.00,1.00
2016.06.06 03:40:37.338,8.17812,8.1818,1.00,1.00
2016.06.06 03:40:37.439,8.17782,8.18168,1.00,1.00
2016.06.06 03:40:37.499,8.17772,8.18168,1.00,1.50
2016.06.06 03:40:38.150,8.17772,8.18158,1.50,1.00
2016.06.06 03:40:38.538,8.17773,8.18128,1.00,1.00
2016.06.06 03:40:39.101,8.17772,8.18128,1.00,1.00
2016.06.06 03:40:42.603,8.17782,8.18128,1.00,1.00
2016.06.06 03:40:44.411,8.17772,8.18128,1.00,1.00
2016.06.06 03:40:45.413,8.17762,8.18128,1.00,1.50
2016.06.06 03:40:45.514,8.17762,8.18138,1.00,1.00
2016.06.06 03:40:45.615,8.17742,8.18128,1.00,1.00
2016.06.06 03:40:45.817,8.17733,8.18127,1.00,1.00
2016.06.06 03:40:46.572,8.17752,8.18095,1.50,1.00
2016.06.06 03:40:46.623,8.17752,8.18113,1.50,1.00
2016.06.06 03:40:46.674,8.17762,8.18113,1.00,1.00
2016.06.06 03:40:46.825,8.17772,8.18166,1.00,1.00
2016.06.06 03:40:46.876,8.17772,8.18135,1.00,1.00
2016.06.06 03:40:46.979,8.17772,8.18168,1.00,1.50
2016.06.06 03:40:47.030,8.17792,8.18168,1.00,1.00
2016.06.06 03:40:47.211,8.17783,8.18168,1.00,1.00
2016.06.06 03:40:47.390,8.17783,8.18142,1.00,1.00
2016.06.06 03:40:49.312,8.17782,8.18142,1.00,1.00
2016.06.06 03:40:49.641,8.17792,8.18142,1.00,1.00
2016.06.06 03:40:53.330,8.17792,8.18163,1.50,1.00
2016.06.06 03:40:53.532,8.17812,8.18163,1.50,1.00
2016.06.06 03:40:53.583,8.17812,8.18205,1.50,1.00
2016.06.06 03:40:53.693,8.17812,8.18208,1.50,1.00
2016.06.06 03:40:53.744,8.17822,8.18207,1.00,1.00
2016.06.06 03:40:54.049,8.17832,8.18211,1.00,1.00
2016.06.06 03:40:54.262,8.17832,8.18228,1.00,1.50
2016.06.06 03:40:54.313,8.17842,8.18228,1.00,1.00
2016.06.06 03:40:54.646,8.17852,8.18237,1.00,1.00
2016.06.06 03:40:55.099,8.17852,8.18203,1.00,1.00
2016.06.06 03:40:55.173,8.17852,8.18238,1.00,1.00
2016.06.06 03:40:55.473,8.17852,8.18208,1.00,1.00
2016.06.06 03:40:56.137,8.17842,8.18208,1.00,1.00
2016.06.06 03:40:56.462,8.17852,8.18208,1.00,1.00
2016.06.06 03:40:57.387,8.17842,8.18208,1.00,1.00
2016.06.06 03:40:57.453,8.17833,8.18208,1.00,1.00
2016.06.06 03:40:57.554,8.17833,8.18187,1.00,1.00
2016.06.06 03:40:57.886,8.17843,8.18187,1.00,1.00
2016.06.06 03:40:58.896,8.17843,8.18207,1.00,1.00
2016.06.06 03:40:59.212,8.17853,8.18207,1.00,1.00
2016.06.06 03:41:02.979,8.17832,8.18187,1.00,1.00
2016.06.06 03:41:03.283,8.17822,8.18213,1.00,1.00
2016.06.06 03:41:03.362,8.17822,8.18198,1.00,1.00
2016.06.06 03:41:03.663,8.17822,8.18176,1.00,1.00
2016.06.06 03:41:03.981,8.17833,8.18176,1.00,1.00
2016.06.06 03:41:04.282,8.17833,8.18196,1.00,1.00
2016.06.06 03:41:04.489,8.17842,8.18196,1.00,1.00
2016.06.06 03:41:04.603,8.17832,8.18196,1.00,1.00
2016.06.06 03:41:05.190,8.17823,8.18196,1.00,1.00
2016.06.06 03:41:06.137,8.17822,8.18196,1.00,1.00
2016.06.06 03:41:12.302,8.17832,8.18196,1.00,1.00
2016.06.06 03:41:14.541,8.17842,8.18196,1.00,1.00
2016.06.06 03:41:21.593,8.17832,8.18196,1.00,1.00
2016.06.06 03:41:23.184,8.17842,8.18196,1.00,1.00
2016.06.06 03:41:34.363,8.17832,8.18196,1.50,1.00
2016.06.06 03:41:34.579,8.17842,8.18196,1.00,1.00
2016.06.06 03:41:38.989,8.17852,8.18196,1.00,1.00
2016.06.06 03:41:39.219,8.17852,8.18238,1.00,1.00
2016.06.06 03:41:39.517,8.17853,8.18181,1.00,1.00
2016.06.06 03:41:39.568,8.17843,8.18181,1.00,1.00
2016.06.06 03:41:40.248,8.17842,8.18181,1.00,1.00
2016.06.06 03:41:40.571,8.17833,8.18181,1.00,1.00
2016.06.06 03:41:42.973,8.17842,8.18181,1.00,1.00
2016.06.06 03:41:43.248,8.17852,8.18228,1.00,1.00
2016.06.06 03:41:43.299,8.17833,8.18228,1.00,1.00
2016.06.06 03:41:43.542,8.17833,8.18218,1.50,1.00
2016.06.06 03:41:43.930,8.17833,8.18214,1.50,1.00
2016.06.06 03:41:45.686,8.17852,8.18214,1.00,1.00
2016.06.06 03:41:45.793,8.17842,8.18214,1.00,1.00
2016.06.06 03:41:46.005,8.17833,8.18214,1.00,1.00
2016.06.06 03:41:46.579,8.17843,8.18214,1.00,1.00
2016.06.06 03:41:47.280,8.17832,8.18214,1.50,1.00
2016.06.06 03:41:48.034,8.17832,8.18196,1.00,1.00
2016.06.06 03:41:49.464,8.17832,8.18207,1.00,1.00
2016.06.06 03:41:49.515,8.17832,8.18198,1.00,1.00
2016.06.06 03:41:50.028,8.17833,8.18198,1.00,1.00
2016.06.06 03:41:50.401,8.17833,8.18168,1.00,1.00
2016.06.06 03:41:51.085,8.17812,8.18168,1.00,1.00
2016.06.06 03:41:51.136,8.17802,8.18168,1.00,1.00
2016.06.06 03:41:51.488,8.17782,8.18167,2.25,1.00
2016.06.06 03:41:51.632,8.17792,8.18168,1.00,1.00
2016.06.06 03:41:52.095,8.17802,8.18168,1.00,1.00
2016.06.06 03:41:54.455,8.17802,8.18167,1.00,1.00
2016.06.06 03:41:56.758,8.17802,8.18168,1.00,1.00
2016.06.06 03:41:56.808,8.17793,8.18168,1.00,1.00
2016.06.06 03:41:57.058,8.17802,8.18168,1.00,1.00
2016.06.06 03:42:01.143,8.17812,8.18168,1.00,1.00
2016.06.06 03:42:04.149,8.17813,8.18168,1.00,1.00
2016.06.06 03:42:07.804,8.17822,8.18168,1.00,1.00
2016.06.06 03:42:09.806,8.17812,8.18168,1.50,1.00
2016.06.06 03:42:10.106,8.17822,8.18168,1.00,1.00
2016.06.06 03:42:21.064,8.17812,8.18168,1.00,1.00
2016.06.06 03:42:22.603,8.17812,8.18186,1.00,1.00
2016.06.06 03:42:24.019,8.17823,8.18186,1.00,1.00
2016.06.06 03:42:26.057,8.17812,8.18186,1.00,1.00
2016.06.06 03:42:26.271,8.178,8.18186,1.00,1.00
2016.06.06 03:42:26.372,8.17782,8.18178,2.25,1.00
2016.06.06 03:42:26.473,8.17783,8.18168,1.00,1.00
2016.06.06 03:42:26.865,8.17782,8.18158,1.00,1.00
2016.06.06 03:42:27.195,8.17782,8.18145,1.00,1.00
2016.06.06 03:42:30.704,8.17782,8.18164,1.00,1.00
2016.06.06 03:42:31.025,8.17778,8.18164,1.00,1.00
2016.06.06 03:42:31.245,8.17778,8.18157,1.00,1.00
2016.06.06 03:42:31.588,8.17772,8.18143,1.00,1.00
2016.06.06 03:42:34.940,8.17782,8.18143,1.00,1.00
2016.06.06 03:42:36.333,8.17792,8.18143,1.00,1.00
2016.06.06 03:42:36.733,8.17802,8.18143,1.00,1.00
2016.06.06 03:42:36.842,8.17783,8.18143,1.00,1.00
2016.06.06 03:42:44.472,8.17823,8.18143,1.00,1.00
2016.06.06 03:42:48.277,8.17813,8.18143,1.00,1.00
2016.06.06 03:42:49.165,8.17792,8.18143,1.00,1.00
2016.06.06 03:42:49.266,8.17782,8.18148,1.50,1.00
2016.06.06 03:42:49.367,8.17782,8.18138,1.50,1.00
2016.06.06 03:42:49.712,8.17762,8.18108,1.00,1.00
2016.06.06 03:42:50.323,8.17762,8.18094,1.00,1.00
2016.06.06 03:42:50.846,8.17782,8.18094,1.00,1.00
2016.06.06 03:42:50.947,8.17773,8.18094,1.00,1.00
2016.06.06 03:42:51.304,8.17773,8.18115,1.00,1.00
2016.06.06 03:42:54.375,8.17773,8.18092,1.00,1.00
2016.06.06 03:42:56.382,8.17762,8.18092,1.00,1.00
2016.06.06 03:42:56.769,8.17742,8.18092,1.00,1.00
2016.06.06 03:42:56.873,8.17742,8.18098,1.00,1.00
2016.06.06 03:42:56.923,8.17742,8.18088,1.00,1.00
2016.06.06 03:42:57.298,8.17762,8.18074,1.00,1.00
2016.06.06 03:42:57.476,8.17772,8.18092,1.00,1.00
2016.06.06 03:42:57.654,8.17762,8.18092,1.00,1.00
2016.06.06 03:42:57.855,8.17752,8.18092,1.00,1.00
2016.06.06 03:43:01.212,8.17752,8.18088,1.00,1.00
2016.06.06 03:43:01.322,8.17752,8.18092,1.00,1.00
2016.06.06 03:43:01.596,8.17772,8.18092,1.00,1.00
2016.06.06 03:43:01.982,8.17782,8.18092,1.00,1.00
2016.06.06 03:43:02.589,8.17772,8.18092,1.00,1.00
2016.06.06 03:43:03.472,8.17773,8.18092,1.00,1.00
2016.06.06 03:43:03.523,8.17773,8.18088,1.00,1.00
2016.06.06 03:43:03.573,8.17763,8.18088,1.00,1.00
2016.06.06 03:43:03.742,8.17763,8.18092,1.00,1.00
2016.06.06 03:43:03.977,8.17783,8.18092,1.00,1.00
2016.06.06 03:43:05.365,8.17793,8.18092,1.00,1.00
2016.06.06 03:43:05.466,8.17782,8.18092,1.00,1.00
2016.06.06 03:43:05.668,8.17802,8.18092,1.00,1.00
2016.06.06 03:43:06.549,8.17802,8.18114,1.00,1.00
2016.06.06 03:43:06.600,8.17792,8.18114,1.00,1.00
2016.06.06 03:43:08.770,8.17812,8.18114,1.00,1.00
2016.06.06 03:43:08.871,8.17812,8.18135,1.00,1.00
2016.06.06 03:43:08.973,8.17832,8.18135,1.00,1.00
2016.06.06 03:43:09.312,8.17822,8.18135,1.00,1.00
2016.06.06 03:43:09.572,8.17832,8.18135,1.00,1.00
2016.06.06 03:43:11.868,8.17832,8.18148,1.00,1.00
2016.06.06 03:43:11.919,8.17842,8.18154,1.00,1.00
2016.06.06 03:43:12.125,8.17843,8.18168,1.00,1.00
2016.06.06 03:43:12.226,8.17843,8.18178,1.00,1.00
2016.06.06 03:43:12.321,8.17843,8.18168,1.00,1.00
2016.06.06 03:43:12.981,8.17843,8.18158,1.00,1.00
2016.06.06 03:43:13.632,8.17842,8.18158,1.00,1.00
2016.06.06 03:43:16.526,8.17842,8.18168,1.00,1.00
2016.06.06 03:43:17.025,8.17842,8.18145,1.00,1.00
2016.06.06 03:43:18.533,8.17832,8.18145,1.00,1.00
2016.06.06 03:43:20.628,8.17823,8.18145,1.00,1.00
2016.06.06 03:43:24.147,8.17832,8.18145,1.00,1.00
2016.06.06 03:43:25.313,8.17842,8.18145,1.00,1.00
2016.06.06 03:43:29.967,8.17842,8.18168,1.00,1.00
2016.06.06 03:43:37.243,8.17842,8.18145,1.00,1.00
2016.06.06 03:43:37.569,8.17852,8.18145,1.00,1.00
2016.06.06 03:43:37.875,8.17852,8.18163,1.00,1.00
2016.06.06 03:43:37.926,8.17862,8.18163,1.00,1.00
2016.06.06 03:43:38.525,8.17852,8.18163,1.00,1.00
2016.06.06 03:43:41.761,8.17842,8.18163,1.00,1.00
2016.06.06 03:43:42.066,8.17852,8.18163,1.00,1.00
2016.06.06 03:43:42.168,8.17842,8.18163,1.00,1.00
2016.06.06 03:43:42.218,8.17842,8.18146,1.00,1.00
2016.06.06 03:43:46.351,8.17832,8.18146,1.00,1.00
2016.06.06 03:43:47.103,8.17832,8.18167,1.00,1.00
2016.06.06 03:43:53.540,8.17843,8.18167,1.00,1.00
2016.06.06 03:44:01.146,8.17832,8.18167,1.00,1.00
2016.06.06 03:44:01.547,8.17842,8.18167,1.00,1.00
2016.06.06 03:44:01.657,8.17832,8.18167,1.00,1.00
2016.06.06 03:44:01.771,8.17832,8.18146,1.00,1.00
2016.06.06 03:44:02.393,8.17822,8.18146,1.00,1.00
2016.06.06 03:44:04.777,8.17832,8.18146,1.00,1.00
2016.06.06 03:44:04.878,8.17832,8.18164,1.00,1.00
2016.06.06 03:44:05.071,8.17842,8.18164,1.00,1.00
2016.06.06 03:44:05.944,8.17852,8.18164,1.00,1.00
2016.06.06 03:44:06.479,8.17842,8.18164,1.00,1.00
2016.06.06 03:44:06.989,8.17843,8.18164,1.00,1.00
2016.06.06 03:44:07.465,8.17832,8.18164,1.00,1.00
2016.06.06 03:44:07.613,8.17832,8.18142,1.00,1.00
2016.06.06 03:44:08.082,8.17812,8.18142,1.00,1.00
2016.06.06 03:44:09.156,8.17822,8.18142,1.00,1.00
2016.06.06 03:44:11.259,8.17812,8.18142,1.00,1.00
2016.06.06 03:44:11.860,8.17822,8.18142,1.00,1.00
2016.06.06 03:44:14.086,8.17812,8.18142,1.00,1.00
2016.06.06 03:44:16.064,8.17822,8.18142,1.00,1.00
2016.06.06 03:44:16.365,8.17833,8.18142,1.00,1.00
2016.06.06 03:44:20.592,8.17822,8.18142,1.00,1.00
2016.06.06 03:44:20.969,8.17812,8.18142,1.00,1.00
2016.06.06 03:44:21.493,8.17823,8.18142,1.00,1.00
2016.06.06 03:44:22.571,8.17842,8.18142,1.00,1.00
2016.06.06 03:44:32.514,8.17842,8.18161,1.00,1.00
2016.06.06 03:44:35.383,8.17833,8.18161,1.00,1.00
2016.06.06 03:44:35.783,8.17843,8.18161,1.00,1.00
2016.06.06 03:44:36.329,8.17843,8.18139,1.00,1.00
2016.06.06 03:44:37.606,8.17832,8.18139,1.00,1.00
2016.06.06 03:44:37.707,8.17823,8.18139,1.00,1.00
2016.06.06 03:44:37.911,8.17802,8.18139,1.00,1.00
2016.06.06 03:44:37.962,8.17802,8.18147,1.00,1.00
2016.06.06 03:44:38.013,8.17802,8.18147,1.00,1.07
2016.06.06 03:44:38.114,8.17793,8.18147,1.00,1.07
2016.06.06 03:44:38.324,8.17803,8.18147,1.00,1.07
2016.06.06 03:44:38.632,8.17803,8.1811,1.00,1.00
2016.06.06 03:44:39.388,8.17802,8.1811,1.00,1.00
2016.06.06 03:44:43.602,8.17792,8.1811,1.00,1.00
2016.06.06 03:44:43.703,8.17802,8.1811,1.00,1.00
2016.06.06 03:44:43.907,8.17793,8.1811,1.00,1.00
2016.06.06 03:44:44.710,8.17802,8.1811,1.00,1.00
2016.06.06 03:44:52.248,8.17792,8.18088,1.00,1.00
2016.06.06 03:44:52.812,8.17793,8.18088,1.00,1.00
2016.06.06 03:44:53.318,8.17822,8.18088,1.00,1.00
2016.06.06 03:44:53.384,8.17822,8.18114,1.00,1.00
2016.06.06 03:44:53.900,8.17833,8.18114,1.00,1.00
2016.06.06 03:44:54.141,8.17822,8.18114,1.00,1.00
2016.06.06 03:44:55.047,8.17832,8.18114,1.00,1.00
2016.06.06 03:44:55.148,8.17822,8.18114,1.00,1.00
2016.06.06 03:44:58.450,8.17832,8.18114,1.00,1.00
2016.06.06 03:44:58.770,8.17862,8.18138,1.00,1.00
2016.06.06 03:45:01.750,8.17862,8.18157,1.00,1.00
2016.06.06 03:45:03.227,8.17872,8.18157,1.00,1.00
2016.06.06 03:45:03.626,8.17882,8.18157,1.00,1.00
2016.06.06 03:45:03.809,8.17872,8.18157,1.00,1.00
2016.06.06 03:45:04.109,8.17882,8.18157,1.00,1.00
2016.06.06 03:45:04.441,8.17872,8.18157,1.00,1.00
2016.06.06 03:45:04.720,8.17863,8.18157,1.00,1.00
2016.06.06 03:45:07.312,8.17862,8.18157,1.00,1.00
2016.06.06 03:45:07.371,8.17862,8.18137,1.00,1.00
2016.06.06 03:45:07.422,8.17842,8.18137,1.00,1.00
2016.06.06 03:45:07.574,8.17842,8.18152,1.00,1.00
2016.06.06 03:45:07.677,8.17832,8.18152,1.00,1.00
2016.06.06 03:45:07.728,8.17832,8.18152,1.00,1.07
2016.06.06 03:45:08.196,8.17843,8.18152,1.00,1.07
2016.06.06 03:45:08.420,8.17833,8.18152,1.00,1.07
2016.06.06 03:45:08.471,8.17833,8.1811,1.00,1.00
2016.06.06 03:45:11.335,8.17812,8.1811,1.00,1.00
2016.06.06 03:45:11.590,8.17812,8.18106,1.00,1.00
2016.06.06 03:45:11.671,8.17802,8.18106,1.00,1.00
2016.06.06 03:45:17.023,8.17792,8.18106,1.00,1.00
2016.06.06 03:45:17.361,8.17802,8.18106,1.00,1.00
2016.06.06 03:45:26.047,8.17782,8.18106,1.00,1.00
2016.06.06 03:45:26.132,8.17772,8.18106,1.00,1.00
2016.06.06 03:45:26.734,8.17783,8.18106,1.00,1.00
2016.06.06 03:45:27.132,8.17783,8.18088,1.00,1.00
2016.06.06 03:45:28.850,8.17793,8.18088,1.00,1.00
2016.06.06 03:45:28.981,8.17793,8.18113,1.00,1.00
2016.06.06 03:45:29.238,8.17813,8.18113,1.00,1.00
2016.06.06 03:45:40.247,8.17822,8.18113,1.00,1.00
2016.06.06 03:45:42.349,8.17833,8.18113,1.00,1.00
2016.06.06 03:45:46.352,8.17822,8.18113,1.00,1.00
2016.06.06 03:45:48.487,8.17833,8.18135,1.00,1.00
2016.06.06 03:45:48.845,8.17852,8.18168,1.00,1.00
2016.06.06 03:45:48.896,8.17852,8.18178,1.00,1.12
2016.06.06 03:45:49.320,8.17852,8.18161,1.00,1.00
2016.06.06 03:45:50.678,8.17843,8.18161,1.00,1.00
2016.06.06 03:45:51.758,8.17862,8.18161,1.00,1.00
2016.06.06 03:45:52.277,8.17863,8.18161,1.00,1.00
2016.06.06 03:45:52.459,8.17852,8.18161,1.00,1.00
2016.06.06 03:45:52.659,8.17862,8.18161,1.00,1.00
2016.06.06 03:45:58.396,8.17853,8.18161,1.00,1.00
2016.06.06 03:45:58.447,8.17853,8.18157,1.00,1.00
2016.06.06 03:45:58.498,8.17842,8.18157,1.00,1.00
2016.06.06 03:45:58.759,8.17842,8.18139,1.00,1.00
2016.06.06 03:45:59.665,8.17833,8.18139,1.00,1.00
2016.06.06 03:46:00.082,8.17812,8.18139,1.00,1.00
2016.06.06 03:46:00.267,8.17822,8.18139,1.00,1.00
2016.06.06 03:46:00.667,8.17812,8.18139,1.00,1.00
2016.06.06 03:46:00.722,8.17812,8.18147,1.00,1.00
2016.06.06 03:46:00.823,8.17812,8.18117,1.00,1.00
2016.06.06 03:46:00.874,8.17802,8.18117,1.50,1.00
2016.06.06 03:46:00.925,8.17802,8.18146,1.00,1.00
2016.06.06 03:46:01.026,8.17792,8.18146,1.00,1.00
2016.06.06 03:46:01.270,8.17792,8.18128,1.00,1.00
2016.06.06 03:46:01.740,8.17792,8.18099,1.00,1.00
2016.06.06 03:46:01.897,8.17783,8.18098,1.00,1.00
2016.06.06 03:46:01.998,8.17793,8.18107,1.00,1.00
2016.06.06 03:46:02.100,8.17793,8.18118,1.00,1.00
2016.06.06 03:46:02.612,8.17793,8.18091,1.00,1.00
2016.06.06 03:46:03.167,8.17792,8.18091,1.00,1.00
2016.06.06 03:46:06.206,8.17782,8.18091,1.00,1.00
2016.06.06 03:46:07.818,8.17772,8.18066,1.00,1.00
2016.06.06 03:46:07.919,8.17762,8.18066,1.00,1.00
2016.06.06 03:46:08.020,8.17762,8.18093,1.00,1.00
2016.06.06 03:46:08.076,8.17783,8.18093,1.00,1.00
2016.06.06 03:46:08.447,8.17783,8.18062,1.00,1.00
2016.06.06 03:46:08.885,8.17772,8.18062,1.00,1.00
2016.06.06 03:46:09.086,8.17762,8.18062,1.00,1.00
2016.06.06 03:46:09.378,8.17773,8.18062,1.00,1.00
2016.06.06 03:46:09.703,8.17782,8.18062,1.00,1.00
2016.06.06 03:46:09.805,8.17782,8.18085,1.00,1.00
2016.06.06 03:46:10.227,8.17782,8.18092,1.00,1.00
2016.06.06 03:46:10.429,8.17772,8.18092,1.00,1.00
2016.06.06 03:46:11.096,8.17772,8.18088,1.00,1.00
2016.06.06 03:46:11.431,8.17783,8.18088,1.00,1.00
2016.06.06 03:46:11.754,8.17782,8.18073,1.00,1.00
2016.06.06 03:46:13.529,8.17783,8.18073,1.00,1.00
2016.06.06 03:46:14.327,8.17782,8.18073,1.00,1.00
2016.06.06 03:46:15.022,8.17772,8.18073,1.00,1.00
2016.06.06 03:46:16.952,8.17782,8.18073,1.00,1.00
2016.06.06 03:46:17.805,8.17793,8.18073,1.00,1.00
2016.06.06 03:46:18.451,8.17792,8.18073,1.00,1.00
2016.06.06 03:46:21.659,8.17782,8.18073,1.00,1.00
2016.06.06 03:46:25.814,8.17803,8.18073,1.00,1.00
2016.06.06 03:46:25.915,8.17802,8.18099,1.00,1.00
2016.06.06 03:46:26.017,8.17793,8.18099,1.00,1.00
2016.06.06 03:46:26.115,8.17802,8.18099,1.00,1.00
2016.06.06 03:46:26.323,8.17793,8.18099,1.00,1.00
2016.06.06 03:46:26.816,8.17783,8.18099,1.00,1.00
2016.06.06 03:46:27.317,8.17792,8.18099,1.00,1.00
2016.06.06 03:46:27.618,8.17802,8.18099,1.00,1.00
2016.06.06 03:46:28.254,8.17802,8.18077,1.00,1.00
2016.06.06 03:46:28.318,8.17782,8.18077,1.00,1.00
2016.06.06 03:46:28.627,8.17772,8.18077,1.00,1.00
2016.06.06 03:46:28.829,8.17782,8.18077,1.00,1.00
2016.06.06 03:46:29.820,8.17772,8.18077,1.00,1.00
2016.06.06 03:46:30.320,8.17782,8.18077,1.00,1.00
2016.06.06 03:46:31.321,8.17772,8.18077,1.00,1.00
2016.06.06 03:46:31.822,8.17782,8.18077,1.00,1.00
2016.06.06 03:46:32.173,8.17792,8.18077,1.00,1.00
2016.06.06 03:46:32.324,8.17782,8.18077,1.00,1.00
2016.06.06 03:46:32.375,8.17782,8.18096,1.00,1.00
2016.06.06 03:46:33.124,8.17773,8.18096,1.00,1.00
2016.06.06 03:46:33.352,8.17782,8.18096,1.00,1.00
2016.06.06 03:46:34.491,8.17772,8.18096,1.00,1.00
2016.06.06 03:46:34.825,8.17783,8.18096,1.00,1.00
2016.06.06 03:46:35.826,8.17772,8.18096,1.00,1.00
2016.06.06 03:46:36.489,8.17782,8.18096,1.00,1.00
2016.06.06 03:46:37.327,8.17772,8.18096,1.00,1.00
2016.06.06 03:46:37.828,8.17782,8.18096,1.00,1.00
2016.06.06 03:46:38.829,8.17772,8.18096,1.00,1.00
2016.06.06 03:46:39.329,8.17782,8.18096,1.00,1.00
2016.06.06 03:46:40.330,8.17763,8.18096,1.00,1.00
2016.06.06 03:46:40.849,8.17762,8.18096,1.00,1.00
2016.06.06 03:46:41.053,8.17772,8.18096,1.00,1.00
2016.06.06 03:46:41.456,8.17782,8.18096,1.00,1.00
2016.06.06 03:46:41.557,8.17772,8.18096,1.00,1.00
2016.06.06 03:46:41.877,8.17772,8.18074,1.00,1.00
2016.06.06 03:46:42.333,8.17762,8.18074,1.00,1.00
2016.06.06 03:46:42.566,8.17772,8.18074,1.00,1.00
2016.06.06 03:46:43.096,8.17773,8.18074,1.00,1.00
2016.06.06 03:46:43.147,8.17762,8.18074,1.00,1.00
2016.06.06 03:46:43.534,8.17772,8.18074,1.00,1.00
2016.06.06 03:46:44.035,8.17763,8.18074,1.00,1.00
2016.06.06 03:46:44.535,8.17772,8.18074,1.00,1.00
2016.06.06 03:46:45.165,8.17782,8.18096,1.00,1.00
2016.06.06 03:46:45.537,8.17772,8.18096,1.00,1.00
2016.06.06 03:46:46.048,8.17792,8.18096,1.00,1.00
2016.06.06 03:46:46.432,8.17782,8.18096,1.00,1.00
2016.06.06 03:46:47.039,8.17772,8.18096,1.00,1.00
2016.06.06 03:46:47.339,8.17782,8.18096,1.00,1.00
2016.06.06 03:46:48.033,8.17783,8.18096,1.00,1.00
2016.06.06 03:46:48.564,8.17782,8.18096,1.00,1.00
2016.06.06 03:46:49.142,8.17802,8.18096,1.00,1.00
2016.06.06 03:46:49.193,8.17802,8.18116,1.00,1.00
2016.06.06 03:46:49.413,8.17802,8.18138,1.00,1.00
2016.06.06 03:46:49.464,8.17842,8.18138,1.00,1.00
2016.06.06 03:46:49.515,8.17842,8.18148,1.00,1.00
2016.06.06 03:46:50.043,8.17832,8.18148,1.00,1.00
2016.06.06 03:46:50.119,8.17832,8.18135,1.00,1.00
2016.06.06 03:46:50.243,8.17823,8.18135,1.00,1.00
2016.06.06 03:46:50.544,8.17832,8.18135,1.00,1.00
2016.06.06 03:46:51.544,8.17822,8.18135,1.00,1.00
2016.06.06 03:46:52.045,8.17832,8.18135,1.00,1.00
2016.06.06 03:46:53.046,8.17822,8.18135,1.00,1.00
2016.06.06 03:46:53.546,8.17832,8.18135,1.00,1.00
2016.06.06 03:46:54.643,8.17822,8.18135,1.00,1.00
2016.06.06 03:46:55.196,8.17802,8.18135,1.00,1.00
2016.06.06 03:46:55.247,8.17802,8.18128,1.00,1.00
2016.06.06 03:46:55.298,8.17792,8.18128,1.00,1.00
2016.06.06 03:46:56.136,8.17772,8.18098,1.00,1.00
2016.06.06 03:46:56.550,8.17792,8.18098,1.00,1.00
2016.06.06 03:46:57.551,8.17772,8.18098,1.00,1.00
2016.06.06 03:46:57.803,8.17762,8.18098,1.00,1.00
2016.06.06 03:46:57.955,8.17752,8.18078,1.00,1.00
2016.06.06 03:46:58.057,8.17752,8.18088,1.00,1.00
2016.06.06 03:46:58.302,8.17753,8.18078,1.00,1.00
2016.06.06 03:46:58.804,8.17752,8.18078,1.00,1.00
2016.06.06 03:46:59.054,8.17732,8.18063,1.00,1.00
2016.06.06 03:46:59.155,8.17742,8.18063,1.00,1.00
2016.06.06 03:46:59.473,8.17762,8.18063,1.00,1.00
2016.06.06 03:47:00.556,8.17772,8.18063,1.00,1.00
2016.06.06 03:47:06.161,8.17773,8.18063,1.00,1.00
2016.06.06 03:47:08.909,8.17772,8.1808,1.00,1.00
2016.06.06 03:47:09.466,8.17762,8.1808,1.00,1.00
2016.06.06 03:47:10.566,8.17772,8.1808,1.00,1.00
2016.06.06 03:47:11.368,8.17762,8.1808,1.00,1.00
2016.06.06 03:47:12.069,8.17773,8.1808,1.00,1.00
2016.06.06 03:47:12.388,8.17762,8.1808,1.00,1.00
2016.06.06 03:47:12.517,8.17752,8.1808,1.00,1.00
2016.06.06 03:47:18.914,8.17762,8.1808,1.00,1.00
2016.06.06 03:47:19.336,8.17772,8.1808,1.00,1.00
2016.06.06 03:47:31.318,8.17762,8.1808,1.00,1.00
