2013.03.18 11:00:00.048,5.79943,5.80073,2.93,2.70
2013.03.18 11:00:01.211,5.79943,5.80089,2.93,1.50
2013.03.18 11:00:01.568,5.79964,5.80089,1.35,1.50
2013.03.18 11:00:01.891,5.79964,5.80106,1.35,1.73
2013.03.18 11:00:02.018,5.79964,5.80106,1.35,1.73
2013.03.18 11:00:02.340,5.79964,5.80098,1.35,1.73
2013.03.18 11:00:02.409,5.79939,5.8008,1.35,1.13
2013.03.18 11:00:02.919,5.79939,5.8008,1.35,1.13
2013.03.18 11:00:03.549,5.79932,5.80076,1.35,1.73
2013.03.18 11:00:04.150,5.79932,5.80076,1.35,1.73
2013.03.18 11:00:05.511,5.79889,5.80044,1.73,1.73
2013.03.18 11:00:05.639,5.79889,5.80044,1.73,1.73
2013.03.18 11:00:05.948,5.7989,5.80022,1.35,1.50
2013.03.18 11:00:07.358,5.79879,5.80022,1.35,1.50
2013.03.18 11:00:11.340,5.79878,5.80022,1.35,1.50
2013.03.18 11:00:12.529,5.79859,5.80003,1.50,1.73
2013.03.18 11:00:12.779,5.79854,5.79995,1.35,1.13
2013.03.18 11:00:12.873,5.79854,5.79989,1.35,1.13
2013.03.18 11:00:12.998,5.79854,5.79989,1.35,1.13
2013.03.18 11:00:13.858,5.79854,5.79989,1.35,1.13
2013.03.18 11:00:13.979,5.79854,5.79992,1.35,1.13
2013.03.18 11:00:14.999,5.79854,5.79989,1.35,1.13
2013.03.18 11:00:15.410,5.79854,5.79989,1.35,1.13
2013.03.18 11:00:15.738,5.79854,5.79989,1.35,1.13
2013.03.18 11:00:16.158,5.79854,5.79989,1.35,1.13
2013.03.18 11:00:16.458,5.79827,5.79975,1.73,1.73
2013.03.18 11:00:16.817,5.79827,5.79969,1.73,1.50
2013.03.18 11:00:17.222,5.79827,5.79969,1.73,1.50
2013.03.18 11:00:17.824,5.79827,5.79969,1.73,1.50
2013.03.18 11:00:21.737,5.7985,5.79969,1.35,1.50
2013.03.18 11:00:21.918,5.7985,5.79989,1.35,1.13
2013.03.18 11:00:22.168,5.79858,5.79989,1.35,1.13
2013.03.18 11:00:24.348,5.79858,5.79989,1.35,1.13
2013.03.18 11:00:24.760,5.79858,5.79989,1.35,1.13
2013.03.18 11:00:26.019,5.79858,5.79989,1.35,1.13
2013.03.18 11:00:26.597,5.79858,5.79989,1.35,1.13
2013.03.18 11:00:27.086,5.79858,5.79989,1.35,1.13
2013.03.18 11:00:27.998,5.79853,5.79993,2.93,1.50
2013.03.18 11:00:28.609,5.79853,5.79993,2.93,1.50
2013.03.18 11:00:29.564,5.79853,5.79993,2.93,1.50
2013.03.18 11:00:29.701,5.79833,5.79993,1.35,1.50
2013.03.18 11:00:30.327,5.79833,5.79993,1.35,1.50
2013.03.18 11:00:34.049,5.79833,5.79993,1.35,1.50
2013.03.18 11:00:35.481,5.79833,5.79993,1.35,1.50
2013.03.18 11:00:37.453,5.79833,5.79993,1.35,1.50
2013.03.18 11:00:38.979,5.79828,5.79968,1.35,1.50
2013.03.18 11:00:39.047,5.79827,5.79968,1.35,1.50
2013.03.18 11:00:41.308,5.79827,5.79968,1.35,1.50
2013.03.18 11:00:44.074,5.79827,5.79968,1.35,1.50
2013.03.18 11:00:45.105,5.79827,5.79968,1.35,1.50
2013.03.18 11:00:45.298,5.79806,5.79945,3.68,1.13
2013.03.18 11:00:45.372,5.79806,5.79927,2.93,1.50
2013.03.18 11:00:45.438,5.79804,5.79927,1.95,1.50
2013.03.18 11:00:45.950,5.79798,5.79927,1.35,1.50
2013.03.18 11:00:46.019,5.79798,5.79937,1.35,3.15
2013.03.18 11:00:47.471,5.79798,5.79927,1.35,1.50
2013.03.18 11:00:49.978,5.79798,5.79927,1.35,1.50
2013.03.18 11:00:50.288,5.79798,5.79927,1.35,1.50
2013.03.18 11:00:50.559,5.79783,5.7992,1.35,1.73
2013.03.18 11:00:53.191,5.79778,5.7992,1.35,1.73
2013.03.18 11:00:53.649,5.79778,5.7992,1.35,1.73
2013.03.18 11:00:54.949,5.79778,5.79911,1.35,1.80
2013.03.18 11:00:55.227,5.79778,5.79901,1.35,1.50
2013.03.18 11:01:00.120,5.79752,5.79901,1.73,1.50
2013.03.18 11:01:00.998,5.79752,5.79901,1.73,1.50
2013.03.18 11:01:01.098,5.79752,5.79901,1.73,1.50
2013.03.18 11:01:01.217,5.79752,5.79903,1.73,1.50
2013.03.18 11:01:01.398,5.79746,5.79901,1.35,1.13
2013.03.18 11:01:01.519,5.79746,5.79877,1.35,1.13
2013.03.18 11:01:01.903,5.7973,5.79877,1.35,1.88
2013.03.18 11:01:02.540,5.7973,5.79877,1.35,1.13
2013.03.18 11:01:03.970,5.7973,5.79877,1.35,1.88
2013.03.18 11:01:04.850,5.7973,5.79877,1.35,1.88
2013.03.18 11:01:07.148,5.79713,5.79863,1.50,1.73
2013.03.18 11:01:07.859,5.79726,5.79877,1.35,1.88
2013.03.18 11:01:09.062,5.79726,5.79877,1.35,1.88
2013.03.18 11:01:09.657,5.79713,5.79872,1.50,1.73
2013.03.18 11:01:10.488,5.79713,5.79863,1.13,1.73
2013.03.18 11:01:10.549,5.79713,5.79863,1.73,1.73
2013.03.18 11:01:10.904,5.79774,5.79874,1.50,2.93
2013.03.18 11:01:11.230,5.79774,5.79912,1.50,1.73
2013.03.18 11:01:11.301,5.79774,5.79905,1.50,1.73
2013.03.18 11:01:11.370,5.79772,5.79905,1.13,1.73
2013.03.18 11:01:11.441,5.7976,5.79905,1.35,1.73
2013.03.18 11:01:13.838,5.7976,5.79905,1.35,1.73
2013.03.18 11:01:14.389,5.7976,5.79905,1.35,1.73
2013.03.18 11:01:14.460,5.7976,5.79909,1.35,1.35
2013.03.18 11:01:14.532,5.79775,5.79912,1.50,1.73
2013.03.18 11:01:14.598,5.7979,5.79935,1.35,1.73
2013.03.18 11:01:14.718,5.7979,5.79935,1.35,1.73
2013.03.18 11:01:15.031,5.79802,5.79937,1.35,1.50
2013.03.18 11:01:15.488,5.79802,5.79952,1.35,1.13
2013.03.18 11:01:16.201,5.79802,5.79952,1.35,1.13
2013.03.18 11:01:16.761,5.79802,5.79952,1.35,1.13
2013.03.18 11:01:17.484,5.79802,5.79934,1.35,1.50
2013.03.18 11:01:17.556,5.7979,5.79932,1.35,1.73
2013.03.18 11:01:17.763,5.79767,5.79907,1.35,1.13
2013.03.18 11:01:17.890,5.79767,5.79907,1.35,1.13
2013.03.18 11:01:18.916,5.79793,5.79919,1.35,2.70
2013.03.18 11:01:18.991,5.798,5.79942,1.35,1.50
2013.03.18 11:01:19.063,5.798,5.79961,1.35,1.50
2013.03.18 11:01:21.145,5.798,5.79961,1.35,1.50
2013.03.18 11:01:23.081,5.798,5.79961,1.35,1.50
2013.03.18 11:01:23.586,5.798,5.79961,1.35,1.50
2013.03.18 11:01:24.529,5.798,5.79961,1.35,1.50
2013.03.18 11:01:25.611,5.798,5.79961,1.35,1.50
2013.03.18 11:01:25.993,5.798,5.79961,1.35,1.50
2013.03.18 11:01:26.059,5.798,5.79961,1.35,1.50
2013.03.18 11:01:29.089,5.798,5.79961,1.35,1.50
2013.03.18 11:01:30.614,5.798,5.79961,1.35,1.50
2013.03.18 11:01:30.740,5.79797,5.79941,1.13,1.73
2013.03.18 11:01:31.530,5.79797,5.79941,1.13,1.73
2013.03.18 11:01:32.149,5.79797,5.79941,1.13,1.73
2013.03.18 11:01:32.650,5.79797,5.79941,1.13,1.73
2013.03.18 11:01:35.312,5.79797,5.79941,1.13,1.73
2013.03.18 11:01:35.654,5.79797,5.79941,1.13,1.73
2013.03.18 11:01:36.471,5.79797,5.79941,1.13,1.73
2013.03.18 11:01:38.314,5.7982,5.79959,1.35,1.13
2013.03.18 11:01:38.680,5.79797,5.79922,1.13,1.73
2013.03.18 11:01:39.528,5.79797,5.79911,1.13,1.73
2013.03.18 11:01:39.613,5.79772,5.79911,1.13,1.73
2013.03.18 11:01:39.681,5.79747,5.79882,2.70,1.73
2013.03.18 11:01:40.528,5.79752,5.79904,1.73,1.95
2013.03.18 11:01:40.980,5.79752,5.79907,1.73,1.73
2013.03.18 11:01:55.269,5.79752,5.79904,1.35,1.73
2013.03.18 11:01:55.341,5.79744,5.79883,1.13,1.73
2013.03.18 11:01:55.409,5.79744,5.79883,1.13,1.73
2013.03.18 11:01:55.539,5.79744,5.79881,1.13,1.73
2013.03.18 11:01:56.132,5.79727,5.79881,1.73,2.48
2013.03.18 11:02:00.139,5.79727,5.79881,1.73,2.48
2013.03.18 11:02:01.702,5.79727,5.79881,1.73,2.48
2013.03.18 11:02:02.284,5.79727,5.79881,1.73,1.73
2013.03.18 11:02:03.751,5.79751,5.79901,1.35,1.35
2013.03.18 11:02:03.881,5.79751,5.79906,1.73,1.73
2013.03.18 11:02:09.331,5.79743,5.79882,1.50,1.73
2013.03.18 11:02:09.415,5.79743,5.79897,1.13,2.93
2013.03.18 11:02:09.493,5.7976,5.79902,1.35,1.13
2013.03.18 11:02:12.292,5.79743,5.79883,1.13,1.73
2013.03.18 11:02:13.047,5.79743,5.79883,1.13,1.73
2013.03.18 11:02:13.350,5.79736,5.79882,1.73,1.50
2013.03.18 11:02:13.683,5.79738,5.79898,1.13,1.73
2013.03.18 11:02:14.548,5.79756,5.79901,1.35,1.13
2013.03.18 11:02:17.508,5.79764,5.79906,1.50,1.73
2013.03.18 11:02:19.097,5.79756,5.79898,2.48,1.50
2013.03.18 11:02:20.991,5.79781,5.79908,1.35,2.25
2013.03.18 11:02:25.823,5.79758,5.79898,1.35,1.50
2013.03.18 11:02:26.188,5.79734,5.79882,1.35,1.50
2013.03.18 11:02:27.619,5.79734,5.79874,1.35,1.50
2013.03.18 11:02:28.449,5.79734,5.79874,1.35,1.50
2013.03.18 11:02:28.784,5.79711,5.7987,1.50,1.58
2013.03.18 11:02:28.857,5.79698,5.79843,2.33,1.73
2013.03.18 11:02:31.701,5.79684,5.79833,1.73,2.48
2013.03.18 11:02:33.362,5.79682,5.79823,1.35,1.13
2013.03.18 11:02:33.445,5.7966,5.79813,1.13,1.73
2013.03.18 11:02:33.786,5.79657,5.79808,1.73,1.73
2013.03.18 11:02:46.481,5.79638,5.79799,1.50,1.73
2013.03.18 11:02:47.368,5.79648,5.79771,1.50,2.40
2013.03.18 11:02:47.669,5.79608,5.79761,1.73,1.73
2013.03.18 11:02:47.728,5.79632,5.79771,1.73,2.40
2013.03.18 11:02:48.090,5.79632,5.79771,1.35,2.40
2013.03.18 11:02:48.219,5.79611,5.79761,3.30,1.13
2013.03.18 11:02:48.290,5.7961,5.79754,1.35,1.35
2013.03.18 11:02:48.586,5.79611,5.79754,1.13,1.35
2013.03.18 11:02:48.939,5.79619,5.79761,1.50,1.73
2013.03.18 11:02:50.670,5.79654,5.79761,1.13,1.73
2013.03.18 11:02:51.180,5.79654,5.79761,1.13,1.73
2013.03.18 11:02:52.700,5.79648,5.79761,1.13,1.73
2013.03.18 11:02:56.097,5.79647,5.79771,1.13,2.40
2013.03.18 11:02:57.099,5.79654,5.79771,1.13,2.40
2013.03.18 11:02:58.767,5.79677,5.79771,1.13,2.40
2013.03.18 11:02:58.846,5.79677,5.79803,1.13,1.73
2013.03.18 11:02:58.981,5.79677,5.7982,1.13,1.73
2013.03.18 11:03:00.788,5.79686,5.7982,1.13,1.73
2013.03.18 11:03:01.960,5.79686,5.7982,1.13,1.73
2013.03.18 11:03:02.490,5.79686,5.7982,1.13,1.73
2013.03.18 11:03:05.401,5.79686,5.7982,1.13,1.73
2013.03.18 11:03:06.470,5.79686,5.7982,1.13,1.73
2013.03.18 11:03:07.657,5.79686,5.7982,1.13,1.73
2013.03.18 11:03:10.838,5.79686,5.7982,1.13,1.73
2013.03.18 11:03:11.368,5.79686,5.79825,1.13,1.13
2013.03.18 11:03:11.427,5.79686,5.79825,1.13,1.13
2013.03.18 11:03:13.619,5.79686,5.7982,1.13,1.73
2013.03.18 11:03:14.290,5.79697,5.7982,1.50,1.73
2013.03.18 11:03:14.422,5.79724,5.79826,1.13,1.73
2013.03.18 11:03:14.490,5.79724,5.79854,1.13,2.93
2013.03.18 11:03:14.560,5.79724,5.79856,1.13,2.70
2013.03.18 11:03:16.179,5.79724,5.79856,1.13,1.73
2013.03.18 11:03:16.247,5.79724,5.79856,1.13,1.73
2013.03.18 11:03:16.427,5.79724,5.79853,1.13,2.93
2013.03.18 11:03:16.889,5.79724,5.79853,1.13,2.93
2013.03.18 11:03:17.709,5.79724,5.79856,1.13,2.70
2013.03.18 11:03:21.960,5.79724,5.79856,1.13,1.73
2013.03.18 11:03:22.029,5.79711,5.79856,1.35,1.73
2013.03.18 11:03:22.159,5.79698,5.79845,1.13,2.93
2013.03.18 11:03:25.489,5.7968,5.79831,1.73,1.73
2013.03.18 11:03:27.608,5.7968,5.79824,1.73,1.95
2013.03.18 11:03:28.110,5.79667,5.7982,1.50,2.93
2013.03.18 11:03:28.952,5.79667,5.7982,1.50,2.93
2013.03.18 11:03:30.250,5.79667,5.7982,1.50,2.93
2013.03.18 11:03:32.181,5.79667,5.7982,1.50,2.93
2013.03.18 11:03:33.219,5.79667,5.7982,1.50,2.93
2013.03.18 11:03:35.970,5.79667,5.7982,1.50,2.93
2013.03.18 11:03:36.567,5.79667,5.7982,1.50,2.93
2013.03.18 11:03:37.638,5.79667,5.7982,1.50,2.93
2013.03.18 11:03:37.818,5.79667,5.79799,1.50,1.35
2013.03.18 11:03:38.149,5.79647,5.79787,1.13,1.35
2013.03.18 11:03:38.219,5.79647,5.79787,1.13,1.35
2013.03.18 11:03:39.086,5.79647,5.79787,1.13,1.35
2013.03.18 11:03:39.441,5.79647,5.79787,1.13,1.35
2013.03.18 11:03:41.422,5.79647,5.79787,1.13,1.35
2013.03.18 11:03:42.019,5.79643,5.79787,1.13,1.35
2013.03.18 11:03:43.210,5.79618,5.79762,1.50,1.73
2013.03.18 11:03:43.341,5.79604,5.7975,1.73,1.73
2013.03.18 11:03:43.473,5.79587,5.79746,1.50,2.93
2013.03.18 11:03:43.599,5.79587,5.79746,1.50,2.93
2013.03.18 11:03:44.890,5.79587,5.79746,1.50,2.93
2013.03.18 11:03:46.028,5.79587,5.79746,1.50,2.93
2013.03.18 11:03:51.279,5.79587,5.79746,1.50,2.93
2013.03.18 11:03:54.619,5.79581,5.79746,1.73,2.93
2013.03.18 11:03:55.220,5.79587,5.79746,1.50,2.93
2013.03.18 11:03:56.710,5.79581,5.79726,1.73,1.73
2013.03.18 11:03:56.779,5.79578,5.79726,1.73,1.73
2013.03.18 11:03:58.299,5.79581,5.79726,1.73,1.73
2013.03.18 11:03:58.682,5.79587,5.79726,1.13,1.73
2013.03.18 11:04:03.567,5.79583,5.79727,1.35,1.73
2013.03.18 11:04:13.298,5.79567,5.79724,1.50,2.93
2013.03.18 11:04:13.630,5.79567,5.79696,1.50,1.73
2013.03.18 11:04:14.421,5.79557,5.79694,1.13,1.35
2013.03.18 11:04:15.077,5.79535,5.79678,1.73,1.58
2013.03.18 11:04:15.150,5.79535,5.79668,1.73,1.35
2013.03.18 11:04:15.221,5.79506,5.79666,1.73,1.73
2013.03.18 11:04:15.412,5.79506,5.79649,1.73,1.50
2013.03.18 11:04:15.599,5.79488,5.79649,1.73,1.50
2013.03.18 11:04:15.669,5.79488,5.79639,1.73,1.73
2013.03.18 11:04:15.979,5.79481,5.79614,1.13,1.73
2013.03.18 11:04:16.111,5.79477,5.79614,1.13,1.73
2013.03.18 11:04:16.203,5.79477,5.79614,1.13,1.73
2013.03.18 11:04:16.542,5.79477,5.79614,1.13,1.73
2013.03.18 11:04:17.590,5.79477,5.79614,1.13,1.73
2013.03.18 11:04:17.951,5.79508,5.79638,1.13,1.73
2013.03.18 11:04:18.399,5.79508,5.79638,1.13,1.73
2013.03.18 11:04:18.914,5.79497,5.79638,1.13,1.73
2013.03.18 11:04:19.468,5.79481,5.79624,1.73,1.35
2013.03.18 11:04:19.731,5.79478,5.79615,1.35,1.13
2013.03.18 11:04:19.910,5.79477,5.79602,1.13,1.73
2013.03.18 11:04:20.290,5.79477,5.796,1.13,1.73
2013.03.18 11:04:20.922,5.79477,5.796,1.13,1.73
2013.03.18 11:04:22.758,5.79456,5.796,1.35,1.73
2013.03.18 11:04:22.843,5.79456,5.796,1.35,1.73
2013.03.18 11:04:23.281,5.79456,5.79612,1.35,1.73
2013.03.18 11:04:23.349,5.79478,5.79615,1.35,1.88
2013.03.18 11:04:23.719,5.79478,5.79615,1.35,1.13
2013.03.18 11:04:23.851,5.79479,5.79621,1.73,1.73
2013.03.18 11:04:23.919,5.79479,5.79632,2.48,1.73
2013.03.18 11:04:24.991,5.79479,5.79621,2.48,1.73
2013.03.18 11:04:25.058,5.79479,5.79612,2.10,1.13
2013.03.18 11:04:25.242,5.79479,5.79603,1.13,1.73
2013.03.18 11:04:25.549,5.79456,5.79598,1.73,1.73
2013.03.18 11:04:25.983,5.79455,5.79598,1.73,1.73
2013.03.18 11:04:26.659,5.79432,5.79567,1.73,1.50
2013.03.18 11:04:27.019,5.79409,5.7954,1.73,1.73
2013.03.18 11:04:27.330,5.79382,5.79512,1.50,1.73
2013.03.18 11:04:27.399,5.79373,5.79512,1.13,1.73
2013.03.18 11:04:27.459,5.79368,5.79512,1.35,1.73
2013.03.18 11:04:27.529,5.79368,5.79512,1.35,1.73
2013.03.18 11:04:28.080,5.79368,5.79512,1.35,1.73
2013.03.18 11:04:28.561,5.79368,5.79512,1.35,1.73
2013.03.18 11:04:28.860,5.7938,5.79512,1.13,1.73
2013.03.18 11:04:28.993,5.79392,5.79536,1.35,1.73
2013.03.18 11:04:30.069,5.79392,5.79536,1.35,1.73
2013.03.18 11:04:30.200,5.7939,5.79536,1.35,1.73
2013.03.18 11:04:30.270,5.79394,5.79541,2.93,1.50
2013.03.18 11:04:30.344,5.79394,5.79543,2.93,1.50
2013.03.18 11:04:30.552,5.79403,5.79557,1.73,1.73
2013.03.18 11:04:30.621,5.79403,5.79557,1.73,1.73
2013.03.18 11:04:31.464,5.79403,5.79557,1.73,1.73
2013.03.18 11:04:32.478,5.79403,5.79557,1.73,1.73
2013.03.18 11:04:32.819,5.79403,5.79563,1.73,1.73
2013.03.18 11:04:33.118,5.79415,5.79563,1.73,1.73
2013.03.18 11:04:33.309,5.79432,5.79583,1.35,1.73
2013.03.18 11:04:33.439,5.79432,5.79583,1.35,1.73
2013.03.18 11:04:33.840,5.79432,5.79583,1.35,1.73
2013.03.18 11:04:35.450,5.79432,5.79583,1.35,1.73
2013.03.18 11:04:39.663,5.79431,5.7958,1.35,1.73
2013.03.18 11:04:40.309,5.7942,5.79557,1.13,1.73
2013.03.18 11:04:40.428,5.7942,5.79557,1.13,1.73
2013.03.18 11:04:40.548,5.79415,5.79557,1.35,1.73
2013.03.18 11:04:41.860,5.79401,5.79536,1.13,1.73
2013.03.18 11:04:42.629,5.7942,5.79561,1.35,1.13
2013.03.18 11:04:43.486,5.79401,5.7954,1.13,1.73
2013.03.18 11:04:43.563,5.79401,5.7954,1.13,1.73
2013.03.18 11:04:44.164,5.79401,5.7954,1.13,1.73
2013.03.18 11:04:45.382,5.79401,5.7954,1.13,1.73
2013.03.18 11:04:45.971,5.79398,5.79521,1.35,1.35
2013.03.18 11:04:46.628,5.79351,5.79487,2.93,1.13
2013.03.18 11:04:46.688,5.79341,5.79485,1.73,1.73
2013.03.18 11:04:46.814,5.79351,5.79505,1.35,1.50
2013.03.18 11:04:46.880,5.79351,5.79507,1.35,1.73
2013.03.18 11:04:47.068,5.79386,5.79512,1.95,1.50
2013.03.18 11:04:47.530,5.7941,5.79552,1.35,1.73
2013.03.18 11:04:47.730,5.7941,5.79552,1.35,1.73
2013.03.18 11:04:48.218,5.79414,5.79552,3.23,1.73
2013.03.18 11:04:48.278,5.79414,5.79553,3.23,1.73
2013.03.18 11:04:50.653,5.79414,5.79552,3.23,1.73
2013.03.18 11:04:52.964,5.79414,5.79553,3.23,1.73
2013.03.18 11:04:53.208,5.79414,5.79552,3.23,1.73
2013.03.18 11:04:53.509,5.7941,5.79552,1.35,1.73
2013.03.18 11:04:53.629,5.79389,5.79521,2.93,1.13
2013.03.18 11:04:53.699,5.79382,5.79521,1.35,1.13
2013.03.18 11:04:53.889,5.79382,5.79521,1.35,1.13
2013.03.18 11:04:54.378,5.7936,5.79502,1.35,1.73
2013.03.18 11:04:54.799,5.7936,5.79502,1.35,1.73
2013.03.18 11:04:55.891,5.79384,5.79526,1.13,1.35
2013.03.18 11:04:55.978,5.79372,5.79516,1.13,1.58
2013.03.18 11:04:56.288,5.79347,5.79485,1.13,1.35
2013.03.18 11:04:56.889,5.79347,5.79485,1.13,1.35
2013.03.18 11:04:57.198,5.79384,5.7951,1.73,1.13
2013.03.18 11:04:57.569,5.79384,5.79516,1.73,1.35
2013.03.18 11:04:57.980,5.79371,5.79516,1.73,1.35
2013.03.18 11:04:58.108,5.79368,5.79504,1.50,1.35
2013.03.18 11:04:58.229,5.79371,5.79504,1.50,1.35
2013.03.18 11:04:59.218,5.79371,5.79504,1.50,1.35
2013.03.18 11:05:00.320,5.79386,5.79516,1.73,1.35
2013.03.18 11:05:00.509,5.79386,5.79528,1.73,1.95
2013.03.18 11:05:00.699,5.79386,5.79528,1.73,1.35
2013.03.18 11:05:01.471,5.79386,5.79532,1.73,1.35
2013.03.18 11:05:01.998,5.79386,5.79532,1.73,1.35
2013.03.18 11:05:02.238,5.79386,5.79532,1.73,1.35
2013.03.18 11:05:02.539,5.79386,5.79532,1.73,1.35
2013.03.18 11:05:05.200,5.79371,5.79523,1.50,2.93
2013.03.18 11:05:05.720,5.79371,5.79523,1.50,2.93
2013.03.18 11:05:06.568,5.79383,5.79532,1.73,1.35
2013.03.18 11:05:07.149,5.79378,5.79532,1.73,1.35
2013.03.18 11:05:11.018,5.79383,5.79532,1.73,1.35
2013.03.18 11:05:11.630,5.79404,5.79549,1.73,1.35
2013.03.18 11:05:11.820,5.79428,5.79566,1.13,1.50
2013.03.18 11:05:12.028,5.79428,5.79588,1.13,1.73
2013.03.18 11:05:12.221,5.79428,5.79588,1.13,1.73
2013.03.18 11:05:13.298,5.79437,5.79586,1.13,1.35
2013.03.18 11:05:19.689,5.79427,5.79563,1.35,1.73
2013.03.18 11:05:20.142,5.79424,5.79561,1.13,2.93
2013.03.18 11:05:22.179,5.79414,5.79552,2.40,1.35
2013.03.18 11:05:22.297,5.794,5.79552,1.13,1.35
2013.03.18 11:05:22.478,5.79395,5.7954,1.35,1.73
2013.03.18 11:05:22.948,5.79374,5.79534,1.50,2.93
2013.03.18 11:05:30.069,5.7939,5.79535,1.35,1.73
2013.03.18 11:05:31.910,5.79374,5.79535,1.73,2.10
2013.03.18 11:05:33.238,5.79368,5.79517,2.10,1.35
2013.03.18 11:05:36.789,5.79374,5.79517,1.50,1.35
2013.03.18 11:05:37.099,5.79374,5.79517,1.50,1.35
2013.03.18 11:05:37.219,5.79368,5.79517,2.10,1.35
2013.03.18 11:05:37.779,5.79375,5.79535,2.93,1.13
2013.03.18 11:05:46.218,5.79374,5.79523,2.48,1.35
2013.03.18 11:05:47.189,5.79387,5.79535,1.13,1.73
2013.03.18 11:05:47.258,5.7939,5.79535,1.13,1.73
2013.03.18 11:05:50.068,5.7939,5.79539,2.10,1.13
2013.03.18 11:05:52.428,5.7939,5.79539,1.35,1.13
2013.03.18 11:05:52.649,5.7939,5.79539,2.10,1.13
2013.03.18 11:05:53.308,5.7939,5.79539,1.35,1.13
2013.03.18 11:05:53.458,5.7939,5.79539,2.10,1.13
2013.03.18 11:05:54.128,5.7939,5.79539,2.10,1.13
2013.03.18 11:05:55.179,5.79402,5.7955,1.50,1.35
2013.03.18 11:05:55.422,5.79414,5.79573,1.35,1.73
2013.03.18 11:05:55.549,5.79419,5.79575,1.73,2.93
2013.03.18 11:05:55.669,5.79422,5.79595,2.33,2.10
2013.03.18 11:05:55.789,5.79432,5.79595,1.73,1.13
2013.03.18 11:05:56.831,5.79427,5.79595,1.50,2.10
2013.03.18 11:05:57.139,5.79448,5.79592,2.03,1.73
2013.03.18 11:05:57.200,5.79422,5.79592,1.65,1.73
2013.03.18 11:05:57.269,5.79422,5.7958,1.65,1.73
2013.03.18 11:05:57.389,5.79422,5.79594,1.65,1.73
2013.03.18 11:05:57.520,5.7945,5.79595,2.63,1.35
2013.03.18 11:05:57.588,5.7945,5.79598,2.63,1.35
2013.03.18 11:05:57.830,5.7946,5.79612,1.50,1.73
2013.03.18 11:05:58.378,5.79469,5.79622,1.35,2.70
2013.03.18 11:05:58.960,5.79492,5.79635,1.50,2.93
2013.03.18 11:05:59.029,5.79513,5.79642,1.35,1.73
2013.03.18 11:05:59.088,5.79513,5.79656,1.35,2.48
2013.03.18 11:05:59.438,5.79513,5.79656,1.35,2.48
2013.03.18 11:05:59.878,5.79513,5.79656,1.73,1.73
2013.03.18 11:05:59.998,5.7955,5.79678,1.13,1.73
2013.03.18 11:06:00.118,5.7954,5.79662,1.65,1.13
2013.03.18 11:06:00.304,5.79507,5.79638,1.95,1.35
2013.03.18 11:06:00.369,5.79489,5.79638,1.35,1.35
2013.03.18 11:06:00.490,5.79485,5.79634,1.13,2.93
2013.03.18 11:06:02.158,5.79485,5.79622,1.50,1.73
2013.03.18 11:06:02.219,5.79502,5.79648,1.73,1.73
2013.03.18 11:06:02.490,5.79524,5.79666,1.35,1.73
2013.03.18 11:06:03.631,5.79487,5.79633,1.73,1.35
2013.03.18 11:06:04.319,5.79487,5.79632,1.73,1.73
2013.03.18 11:06:04.448,5.79487,5.79633,1.73,1.35
2013.03.18 11:06:05.869,5.79487,5.79633,1.73,1.35
2013.03.18 11:06:06.677,5.79487,5.79631,1.73,1.73
2013.03.18 11:06:06.857,5.79487,5.79631,1.73,1.73
2013.03.18 11:06:07.421,5.79486,5.79625,1.35,1.50
2013.03.18 11:06:07.746,5.79462,5.79612,2.10,1.73
2013.03.18 11:06:09.838,5.79486,5.79634,2.10,1.35
2013.03.18 11:06:10.369,5.79492,5.79643,1.35,1.73
2013.03.18 11:06:10.919,5.79492,5.79642,1.35,1.73
2013.03.18 11:06:11.297,5.79486,5.79633,1.13,2.93
2013.03.18 11:06:11.358,5.79498,5.79642,1.35,1.73
2013.03.18 11:06:14.453,5.79498,5.7964,1.35,1.73
2013.03.18 11:06:15.589,5.79486,5.7964,1.73,1.73
2013.03.18 11:06:15.829,5.79486,5.7964,1.73,1.73
2013.03.18 11:06:20.549,5.79486,5.79643,1.73,1.73
2013.03.18 11:06:23.520,5.79486,5.7964,1.73,1.73
2013.03.18 11:06:27.871,5.79486,5.79643,1.73,1.73
2013.03.18 11:06:28.451,5.79486,5.7964,1.73,1.73
2013.03.18 11:06:32.217,5.79476,5.79612,1.65,1.13
2013.03.18 11:06:33.949,5.7946,5.79608,1.35,1.13
2013.03.18 11:06:39.030,5.7946,5.79607,1.35,1.13
2013.03.18 11:06:39.471,5.7946,5.79608,1.35,1.13
2013.03.18 11:06:39.774,5.79449,5.79607,1.35,1.35
2013.03.18 11:06:45.580,5.7946,5.79607,1.13,1.35
2013.03.18 11:06:45.652,5.79467,5.79608,1.73,1.13
2013.03.18 11:06:45.719,5.79471,5.79618,1.35,2.40
2013.03.18 11:06:45.908,5.79476,5.79639,1.13,1.73
2013.03.18 11:06:46.708,5.79476,5.7962,1.13,1.73
2013.03.18 11:06:46.788,5.7945,5.79608,1.13,1.35
2013.03.18 11:06:49.558,5.79459,5.79608,1.35,1.13
2013.03.18 11:06:49.681,5.79468,5.79613,1.73,1.13
2013.03.18 11:06:50.058,5.79473,5.79617,1.35,1.73
2013.03.18 11:06:51.630,5.79473,5.79613,1.35,1.50
2013.03.18 11:06:52.032,5.79486,5.79632,1.13,1.73
2013.03.18 11:06:52.391,5.7949,5.79642,1.35,1.95
2013.03.18 11:06:52.840,5.7949,5.79643,1.35,1.73
2013.03.18 11:06:53.939,5.7949,5.79642,1.35,1.73
2013.03.18 11:06:55.630,5.7949,5.79643,1.35,1.73
2013.03.18 11:06:59.989,5.7949,5.79642,1.35,1.95
2013.03.18 11:07:00.473,5.79473,5.79622,1.35,1.73
2013.03.18 11:07:00.802,5.7946,5.79614,1.50,2.93
2013.03.18 11:07:01.239,5.79457,5.79603,1.50,1.35
2013.03.18 11:07:04.878,5.7946,5.79614,1.50,2.93
2013.03.18 11:07:05.248,5.79478,5.79622,1.73,2.70
2013.03.18 11:07:05.308,5.79478,5.79622,1.73,1.73
2013.03.18 11:07:16.479,5.79497,5.79644,1.35,1.73
2013.03.18 11:07:19.949,5.79497,5.79646,1.35,1.73
2013.03.18 11:07:23.024,5.79497,5.79649,2.10,1.73
2013.03.18 11:07:23.093,5.79515,5.79663,1.73,1.35
2013.03.18 11:07:23.160,5.79515,5.79673,1.73,1.73
2013.03.18 11:07:23.479,5.79528,5.79683,2.93,1.50
2013.03.18 11:07:23.600,5.79541,5.79691,1.73,1.73
2013.03.18 11:07:24.789,5.79541,5.79693,1.73,1.73
2013.03.18 11:07:27.863,5.79541,5.79691,1.73,1.73
2013.03.18 11:07:30.210,5.79541,5.79691,1.73,1.73
2013.03.18 11:07:31.388,5.79513,5.79673,2.10,1.73
2013.03.18 11:07:31.570,5.79513,5.79673,1.73,1.73
2013.03.18 11:07:34.741,5.79513,5.79677,3.68,1.50
2013.03.18 11:07:35.109,5.79513,5.79677,3.68,1.50
2013.03.18 11:07:40.706,5.79513,5.79677,3.68,1.50
2013.03.18 11:07:40.979,5.7948,5.79632,1.35,1.73
2013.03.18 11:07:41.160,5.7948,5.79622,1.35,1.73
2013.03.18 11:07:41.420,5.79446,5.7959,1.73,1.73
2013.03.18 11:07:42.329,5.79446,5.79592,1.73,1.73
2013.03.18 11:07:52.491,5.79453,5.79611,1.13,2.93
2013.03.18 11:07:52.622,5.79457,5.79616,1.73,1.73
2013.03.18 11:07:53.405,5.79483,5.79635,1.73,1.73
2013.03.18 11:07:53.707,5.79483,5.79635,1.73,1.73
2013.03.18 11:07:54.478,5.79483,5.79635,1.73,1.73
2013.03.18 11:07:54.561,5.79483,5.79635,1.73,1.73
2013.03.18 11:07:55.400,5.79483,5.79635,1.73,1.73
2013.03.18 11:07:55.468,5.79473,5.79613,2.18,1.73
2013.03.18 11:07:55.840,5.79473,5.79609,2.18,1.73
2013.03.18 11:07:56.149,5.79456,5.79609,1.35,1.73
2013.03.18 11:07:58.650,5.79456,5.79613,1.35,1.73
2013.03.18 11:07:59.219,5.79477,5.7963,1.50,2.93
2013.03.18 11:07:59.279,5.79479,5.79635,1.73,1.95
2013.03.18 11:07:59.339,5.79479,5.79642,1.73,1.73
2013.03.18 11:08:00.521,5.7949,5.79642,1.35,1.73
2013.03.18 11:08:00.710,5.7951,5.79652,1.35,2.63
2013.03.18 11:08:00.780,5.79511,5.79672,1.73,2.48
2013.03.18 11:08:02.677,5.79514,5.79672,1.73,1.73
2013.03.18 11:08:03.539,5.79511,5.79672,1.73,1.73
2013.03.18 11:08:04.959,5.79514,5.79672,1.73,1.73
2013.03.18 11:08:05.779,5.79518,5.79682,3.68,2.40
2013.03.18 11:08:11.418,5.79511,5.79672,2.70,2.48
2013.03.18 11:08:11.479,5.79511,5.79672,1.73,2.48
2013.03.18 11:08:11.622,5.79511,5.79654,1.73,1.35
2013.03.18 11:08:11.929,5.79492,5.79647,1.35,1.13
2013.03.18 11:08:12.509,5.79487,5.79637,1.35,2.93
2013.03.18 11:08:22.450,5.79473,5.79603,2.33,1.13
2013.03.18 11:08:22.781,5.79473,5.79595,2.33,1.35
2013.03.18 11:08:23.029,5.79448,5.79592,1.50,1.73
2013.03.18 11:08:27.597,5.79448,5.79588,1.50,2.93
2013.03.18 11:08:28.576,5.79435,5.79588,1.13,2.93
2013.03.18 11:08:31.762,5.79446,5.79588,1.13,2.93
2013.03.18 11:08:32.071,5.79446,5.79595,1.35,1.35
2013.03.18 11:08:32.380,5.79435,5.79592,1.13,2.93
2013.03.18 11:08:33.201,5.79446,5.79592,1.13,2.93
2013.03.18 11:08:33.580,5.79456,5.79596,1.73,1.13
2013.03.18 11:08:33.650,5.79457,5.796,1.50,1.35
2013.03.18 11:08:34.528,5.79463,5.796,1.50,1.35
2013.03.18 11:08:36.827,5.79458,5.796,1.50,1.35
2013.03.18 11:08:37.489,5.79458,5.796,1.50,1.35
2013.03.18 11:08:40.252,5.79463,5.79621,1.13,2.93
2013.03.18 11:08:43.810,5.79477,5.79621,1.65,2.93
2013.03.18 11:08:43.881,5.7948,5.79624,1.73,1.35
2013.03.18 11:08:49.281,5.79487,5.79645,2.25,2.93
2013.03.18 11:08:49.350,5.79518,5.79661,1.35,2.48
2013.03.18 11:08:49.492,5.7953,5.79668,2.25,1.35
2013.03.18 11:08:49.561,5.7954,5.79683,1.73,1.13
2013.03.18 11:08:49.823,5.7954,5.79668,1.73,1.13
2013.03.18 11:08:49.889,5.7953,5.79666,2.25,1.73
2013.03.18 11:08:50.069,5.79521,5.79666,1.35,1.73
2013.03.18 11:08:50.283,5.79518,5.79666,1.73,1.35
2013.03.18 11:08:50.568,5.7953,5.79666,1.88,1.35
2013.03.18 11:08:51.209,5.7954,5.79689,1.73,2.33
2013.03.18 11:08:52.190,5.79545,5.79703,1.35,2.48
2013.03.18 11:08:59.855,5.79555,5.79703,1.73,1.73
2013.03.18 11:08:59.991,5.79578,5.79728,1.73,1.73
2013.03.18 11:09:00.240,5.79579,5.79742,1.73,2.93
2013.03.18 11:09:00.628,5.79579,5.79721,1.73,1.73
2013.03.18 11:09:00.808,5.79562,5.79721,2.10,1.73
2013.03.18 11:09:01.168,5.79579,5.79721,2.78,2.93
2013.03.18 11:09:01.231,5.79579,5.79723,2.78,1.95
2013.03.18 11:09:02.319,5.79589,5.79745,1.73,1.95
2013.03.18 11:09:03.639,5.79605,5.79753,2.93,1.50
2013.03.18 11:09:03.999,5.79613,5.79762,1.73,1.13
2013.03.18 11:09:05.112,5.7963,5.7977,1.50,1.35
2013.03.18 11:09:05.418,5.7965,5.79794,1.73,1.73
2013.03.18 11:09:05.785,5.79692,5.79833,1.88,1.73
2013.03.18 11:09:08.209,5.79692,5.79827,1.88,1.73
2013.03.18 11:09:08.529,5.79692,5.79827,1.88,1.73
2013.03.18 11:09:08.870,5.79692,5.79827,1.88,1.73
2013.03.18 11:09:08.940,5.79692,5.79838,1.88,1.35
2013.03.18 11:09:09.013,5.79719,5.79843,1.13,1.73
2013.03.18 11:09:09.080,5.79719,5.79851,1.13,1.73
2013.03.18 11:09:09.377,5.79719,5.79851,1.13,1.73
2013.03.18 11:09:09.641,5.79728,5.79872,1.13,3.68
2013.03.18 11:09:09.831,5.79728,5.79851,1.13,1.73
2013.03.18 11:09:10.320,5.79728,5.79851,1.13,1.73
2013.03.18 11:09:10.799,5.79728,5.79851,1.13,1.73
2013.03.18 11:09:11.749,5.79728,5.79852,1.13,1.73
2013.03.18 11:09:12.111,5.79732,5.79877,1.35,1.73
2013.03.18 11:09:12.300,5.79747,5.79877,2.70,1.73
2013.03.18 11:09:12.370,5.79747,5.79892,5.18,1.73
2013.03.18 11:09:12.618,5.79757,5.79913,1.73,1.73
2013.03.18 11:09:12.860,5.7977,5.79913,1.73,1.73
2013.03.18 11:09:13.368,5.79757,5.79893,1.50,1.73
2013.03.18 11:09:14.439,5.79757,5.79892,1.50,1.73
2013.03.18 11:09:14.929,5.79757,5.79902,1.50,1.73
2013.03.18 11:09:15.000,5.79772,5.79914,1.73,1.73
2013.03.18 11:09:15.928,5.79772,5.79914,1.73,1.73
2013.03.18 11:09:16.249,5.79772,5.79914,1.35,1.73
2013.03.18 11:09:16.438,5.79772,5.79914,1.35,1.73
2013.03.18 11:09:17.180,5.79757,5.79888,1.13,1.73
2013.03.18 11:09:18.178,5.79757,5.79888,1.13,1.73
2013.03.18 11:09:19.020,5.79747,5.79887,2.70,1.13
2013.03.18 11:09:19.150,5.7974,5.79887,1.35,1.13
2013.03.18 11:09:19.339,5.79734,5.79856,1.13,1.73
2013.03.18 11:09:19.401,5.79713,5.79863,1.73,1.73
2013.03.18 11:09:19.840,5.79739,5.79884,1.35,1.73
2013.03.18 11:09:20.640,5.79739,5.79884,1.35,1.73
2013.03.18 11:09:22.021,5.79714,5.79856,1.35,1.73
2013.03.18 11:09:22.149,5.79731,5.79856,1.13,1.73
2013.03.18 11:09:22.649,5.7974,5.79882,1.73,1.73
2013.03.18 11:09:22.733,5.7974,5.79882,1.73,1.73
2013.03.18 11:09:24.890,5.7974,5.79882,1.73,1.73
2013.03.18 11:09:27.143,5.7974,5.79882,1.73,1.73
2013.03.18 11:09:27.272,5.79779,5.79905,1.73,1.73
2013.03.18 11:09:27.399,5.79773,5.79921,1.35,1.50
2013.03.18 11:09:27.580,5.7976,5.79905,1.13,1.73
2013.03.18 11:09:28.424,5.7976,5.79905,1.13,1.73
2013.03.18 11:09:30.929,5.7976,5.79905,1.13,1.73
2013.03.18 11:09:32.364,5.7976,5.79905,1.13,1.73
2013.03.18 11:09:32.630,5.7976,5.79905,1.13,1.73
2013.03.18 11:09:34.478,5.7976,5.79905,1.13,1.73
2013.03.18 11:09:36.138,5.7976,5.79905,1.13,1.73
2013.03.18 11:09:37.593,5.7976,5.79905,1.13,1.73
2013.03.18 11:09:39.451,5.7976,5.79905,1.13,1.73
2013.03.18 11:09:39.848,5.7976,5.79883,1.13,1.73
2013.03.18 11:09:40.490,5.79735,5.79883,1.35,1.73
2013.03.18 11:09:40.619,5.79732,5.79862,1.13,1.73
2013.03.18 11:09:41.019,5.79732,5.79859,1.13,1.73
2013.03.18 11:09:44.619,5.79732,5.79863,1.13,1.73
2013.03.18 11:09:46.109,5.79735,5.79882,1.35,1.73
2013.03.18 11:09:46.239,5.79735,5.79881,1.35,1.73
2013.03.18 11:09:47.048,5.79757,5.79884,1.73,1.13
2013.03.18 11:09:47.551,5.7976,5.79902,1.35,1.73
2013.03.18 11:09:47.771,5.7976,5.79902,1.35,1.73
2013.03.18 11:09:48.378,5.7976,5.79902,1.35,1.73
2013.03.18 11:09:48.788,5.7976,5.79902,1.35,1.73
2013.03.18 11:09:49.119,5.7976,5.79902,1.35,1.73
2013.03.18 11:09:49.420,5.7976,5.79902,1.35,1.73
2013.03.18 11:09:49.549,5.79747,5.79872,1.58,1.13
2013.03.18 11:09:49.622,5.79725,5.79863,1.13,1.73
2013.03.18 11:09:52.981,5.79732,5.79872,1.73,1.13
2013.03.18 11:09:53.308,5.79775,5.79893,2.63,1.13
2013.03.18 11:09:53.989,5.79785,5.79919,1.13,1.73
2013.03.18 11:09:54.139,5.79785,5.79919,1.13,1.73
2013.03.18 11:09:55.658,5.79775,5.79919,2.63,1.73
2013.03.18 11:09:55.778,5.79758,5.79919,1.73,1.73
2013.03.18 11:09:55.838,5.79748,5.7989,2.63,1.35
2013.03.18 11:09:56.918,5.79748,5.79884,2.63,1.13
2013.03.18 11:09:58.099,5.79748,5.79884,2.63,1.13
2013.03.18 11:10:00.800,5.79748,5.79884,2.63,1.13
2013.03.18 11:10:01.128,5.79748,5.79884,2.63,1.13
2013.03.18 11:10:01.338,5.79748,5.79884,2.63,1.13
2013.03.18 11:10:03.159,5.79748,5.79884,2.63,1.13
2013.03.18 11:10:07.549,5.79748,5.79884,2.63,1.13
2013.03.18 11:10:07.670,5.79726,5.79853,2.93,1.13
2013.03.18 11:10:07.742,5.79719,5.79851,1.73,1.13
2013.03.18 11:10:07.879,5.79692,5.79835,1.35,1.73
2013.03.18 11:10:08.119,5.79692,5.79835,1.35,1.73
2013.03.18 11:10:11.800,5.79692,5.79835,1.35,1.73
2013.03.18 11:10:21.138,5.79692,5.79835,1.35,1.73
2013.03.18 11:10:22.580,5.79692,5.79835,1.35,1.73
2013.03.18 11:10:22.757,5.79692,5.79835,1.35,1.73
2013.03.18 11:10:26.918,5.79692,5.79835,1.35,1.73
2013.03.18 11:10:29.317,5.79719,5.79829,2.70,1.73
2013.03.18 11:10:29.378,5.79719,5.79829,2.70,1.73
2013.03.18 11:10:29.558,5.79745,5.79829,2.63,1.73
2013.03.18 11:10:29.679,5.79745,5.79832,2.63,1.73
2013.03.18 11:10:29.746,5.79745,5.79855,2.63,1.13
2013.03.18 11:10:29.872,5.79721,5.79855,1.73,1.13
2013.03.18 11:10:29.998,5.79721,5.79855,1.73,1.13
2013.03.18 11:10:30.118,5.79721,5.79855,1.73,1.13
2013.03.18 11:10:30.638,5.79721,5.79863,1.73,1.13
2013.03.18 11:10:30.817,5.79729,5.79863,2.93,1.13
2013.03.18 11:10:33.828,5.7975,5.79892,1.35,1.73
2013.03.18 11:10:33.888,5.7975,5.79892,1.35,1.73
2013.03.18 11:10:34.128,5.7975,5.79892,1.35,1.73
2013.03.18 11:10:40.399,5.7975,5.79892,1.35,1.73
2013.03.18 11:10:41.449,5.7975,5.79892,1.35,1.73
2013.03.18 11:10:41.939,5.7975,5.79892,1.35,1.73
2013.03.18 11:10:50.621,5.79747,5.79875,1.13,1.73
2013.03.18 11:10:51.401,5.79747,5.79875,1.13,1.73
2013.03.18 11:10:51.662,5.7971,5.79851,2.18,1.73
2013.03.18 11:10:51.972,5.7971,5.79851,2.18,1.73
2013.03.18 11:10:52.170,5.7971,5.79853,2.18,1.73
2013.03.18 11:10:52.439,5.7971,5.79851,2.18,1.73
2013.03.18 11:10:54.088,5.7971,5.79851,2.18,1.73
2013.03.18 11:10:57.099,5.7971,5.79852,2.18,1.73
2013.03.18 11:10:57.158,5.7972,5.79874,1.73,1.13
2013.03.18 11:10:58.239,5.7971,5.79852,2.18,1.73
2013.03.18 11:10:58.548,5.7971,5.7985,2.18,1.73
2013.03.18 11:10:58.669,5.79699,5.7985,1.35,1.73
2013.03.18 11:10:58.729,5.79699,5.79841,1.35,1.73
2013.03.18 11:10:58.848,5.79693,5.79819,1.13,1.73
2013.03.18 11:10:58.910,5.79683,5.79819,2.55,1.73
2013.03.18 11:10:59.418,5.79683,5.79802,2.55,1.73
2013.03.18 11:11:07.070,5.79668,5.79802,1.13,1.73
2013.03.18 11:11:07.599,5.79668,5.79797,1.13,1.73
2013.03.18 11:11:09.321,5.79668,5.79803,1.13,1.73
2013.03.18 11:11:13.350,5.79668,5.79797,1.13,1.73
2013.03.18 11:11:14.669,5.79668,5.79797,1.13,1.73
2013.03.18 11:11:17.414,5.79668,5.79803,1.13,1.73
2013.03.18 11:11:17.480,5.79663,5.79803,1.13,1.73
2013.03.18 11:11:20.029,5.79663,5.79804,1.13,1.73
2013.03.18 11:11:21.920,5.79663,5.79804,1.13,1.73
2013.03.18 11:11:25.862,5.79663,5.79804,1.13,1.73
2013.03.18 11:11:28.239,5.79668,5.79812,1.73,1.13
2013.03.18 11:11:28.561,5.79686,5.79812,1.73,1.13
2013.03.18 11:11:42.759,5.79686,5.79822,1.73,1.13
2013.03.18 11:11:48.155,5.79667,5.79807,1.13,1.73
2013.03.18 11:11:48.481,5.79667,5.79807,1.13,1.73
2013.03.18 11:11:52.752,5.79667,5.79807,1.13,1.73
2013.03.18 11:11:53.129,5.79663,5.79807,1.13,1.73
2013.03.18 11:11:54.329,5.79667,5.79812,1.73,1.13
2013.03.18 11:11:54.389,5.79667,5.79823,1.73,1.13
2013.03.18 11:11:54.460,5.79686,5.79828,1.35,1.50
2013.03.18 11:11:54.720,5.79694,5.79852,2.93,1.50
2013.03.18 11:11:54.791,5.79694,5.79853,2.93,1.88
2013.03.18 11:11:54.932,5.79715,5.79853,1.73,1.13
2013.03.18 11:11:59.259,5.79715,5.79853,1.73,1.13
2013.03.18 11:12:12.068,5.79718,5.79857,1.13,1.73
2013.03.18 11:12:12.431,5.79741,5.79868,1.73,1.13
2013.03.18 11:12:12.793,5.79744,5.79886,1.13,1.73
2013.03.18 11:12:15.001,5.79744,5.79886,1.13,1.73
2013.03.18 11:12:16.430,5.79744,5.79886,1.13,1.73
2013.03.18 11:12:20.648,5.79744,5.79886,1.13,1.73
2013.03.18 11:12:21.198,5.79744,5.79886,1.13,1.73
2013.03.18 11:12:22.241,5.79744,5.79886,1.13,1.73
2013.03.18 11:12:22.809,5.79744,5.79886,1.13,1.73
2013.03.18 11:12:23.003,5.79744,5.79886,1.13,1.73
2013.03.18 11:12:23.997,5.79744,5.79886,1.13,1.73
2013.03.18 11:12:24.340,5.79744,5.79886,1.13,1.73
2013.03.18 11:12:27.982,5.79741,5.79886,1.73,1.73
2013.03.18 11:12:49.590,5.79739,5.79852,1.13,1.73
2013.03.18 11:12:49.661,5.79739,5.79864,1.13,1.73
2013.03.18 11:12:49.730,5.79719,5.79864,1.35,1.73
2013.03.18 11:12:50.099,5.79719,5.79864,1.35,1.73
2013.03.18 11:12:50.959,5.79719,5.79864,1.35,1.73
2013.03.18 11:12:54.321,5.79708,5.79833,1.73,1.13
2013.03.18 11:12:54.391,5.79698,5.79832,2.70,1.13
2013.03.18 11:12:54.460,5.79698,5.79832,2.70,1.13
2013.03.18 11:12:54.580,5.79685,5.79832,1.35,1.13
2013.03.18 11:12:54.821,5.79683,5.79823,1.13,1.73
2013.03.18 11:12:56.870,5.79658,5.79813,1.73,1.73
2013.03.18 11:13:01.170,5.79674,5.79821,2.33,1.35
2013.03.18 11:13:01.324,5.7969,5.79835,1.35,2.48
2013.03.18 11:13:02.127,5.7969,5.79835,1.35,1.73
2013.03.18 11:13:03.108,5.79684,5.79823,1.13,1.73
2013.03.18 11:13:08.441,5.79674,5.79816,2.33,1.35
2013.03.18 11:13:08.570,5.79667,5.79812,1.35,1.73
2013.03.18 11:13:08.701,5.79645,5.79783,1.73,1.13
2013.03.18 11:13:16.969,5.79651,5.79793,1.13,1.73
2013.03.18 11:13:17.111,5.79657,5.79804,1.35,1.13
2013.03.18 11:13:19.560,5.79657,5.79804,1.35,1.13
2013.03.18 11:13:23.491,5.79657,5.79809,2.10,1.35
2013.03.18 11:13:23.559,5.7967,5.79809,2.10,1.35
2013.03.18 11:13:23.738,5.7969,5.79833,1.35,1.73
2013.03.18 11:13:23.800,5.7969,5.79838,1.35,1.73
2013.03.18 11:13:26.082,5.79694,5.79839,1.73,1.35
2013.03.18 11:13:26.769,5.79694,5.79838,1.73,1.73
2013.03.18 11:13:27.360,5.79694,5.79838,1.73,1.73
2013.03.18 11:13:27.629,5.79694,5.79839,1.73,1.35
2013.03.18 11:13:29.334,5.79694,5.79838,1.73,1.73
2013.03.18 11:13:32.191,5.79694,5.79838,1.73,1.73
2013.03.18 11:13:36.588,5.79694,5.79838,1.73,1.73
2013.03.18 11:13:38.399,5.79694,5.79838,1.73,1.73
2013.03.18 11:13:38.518,5.7969,5.79833,1.35,1.50
2013.03.18 11:13:39.839,5.79672,5.79832,2.10,1.73
2013.03.18 11:13:42.884,5.79672,5.79817,2.10,1.73
2013.03.18 11:13:42.950,5.79672,5.79802,1.73,1.13
2013.03.18 11:13:43.479,5.79662,5.79793,1.58,1.73
2013.03.18 11:13:45.348,5.79662,5.79751,1.58,2.93
2013.03.18 11:13:45.528,5.79587,5.79748,1.73,1.73
2013.03.18 11:13:45.647,5.79584,5.7973,1.73,1.35
2013.03.18 11:13:51.879,5.79614,5.79762,1.73,1.73
2013.03.18 11:13:52.179,5.79617,5.79762,1.35,1.73
2013.03.18 11:13:53.089,5.79617,5.79762,1.35,1.73
2013.03.18 11:13:54.075,5.79617,5.79763,1.35,1.73
2013.03.18 11:13:56.668,5.79614,5.79762,1.73,1.95
2013.03.18 11:13:56.849,5.79577,5.79735,1.73,1.35
2013.03.18 11:14:02.509,5.79577,5.79728,1.73,1.73
2013.03.18 11:14:02.749,5.79577,5.79735,1.73,1.35
2013.03.18 11:14:02.832,5.79577,5.79728,1.73,1.73
2013.03.18 11:14:03.142,5.79567,5.79713,1.65,1.73
2013.03.18 11:14:03.209,5.79552,5.79713,1.73,1.73
2013.03.18 11:14:03.689,5.79552,5.79705,1.73,1.73
2013.03.18 11:14:04.970,5.79552,5.79705,1.73,1.73
2013.03.18 11:14:06.399,5.79552,5.79705,1.73,1.73
2013.03.18 11:14:07.500,5.79552,5.79712,1.73,1.73
2013.03.18 11:14:08.000,5.79552,5.79705,1.73,1.73
2013.03.18 11:14:08.329,5.79542,5.79684,1.80,1.35
2013.03.18 11:14:08.629,5.79524,5.79663,1.13,1.73
2013.03.18 11:14:08.689,5.79512,5.79663,1.35,1.73
2013.03.18 11:14:09.341,5.79524,5.79665,1.13,1.73
2013.03.18 11:14:09.472,5.79528,5.79684,2.48,1.35
2013.03.18 11:14:09.999,5.79528,5.79681,1.73,1.73
2013.03.18 11:14:10.300,5.79518,5.7966,2.78,1.35
2013.03.18 11:14:10.369,5.79502,5.7966,1.73,1.35
2013.03.18 11:14:13.249,5.79494,5.79643,1.13,1.35
2013.03.18 11:14:13.669,5.79492,5.79641,1.35,1.73
2013.03.18 11:14:13.731,5.79492,5.79635,1.35,1.73
2013.03.18 11:14:13.943,5.79492,5.79641,1.35,1.73
2013.03.18 11:14:16.397,5.79494,5.79643,1.13,1.35
2013.03.18 11:14:19.778,5.79502,5.79643,1.73,1.13
2013.03.18 11:14:23.560,5.79502,5.79643,1.73,1.13
2013.03.18 11:14:24.880,5.79502,5.79643,1.73,1.13
2013.03.18 11:14:26.599,5.79502,5.79643,1.73,1.13
2013.03.18 11:14:26.659,5.79494,5.79642,1.13,1.73
2013.03.18 11:14:29.810,5.79496,5.79653,1.73,1.73
2013.03.18 11:14:34.252,5.79481,5.7964,1.35,1.73
2013.03.18 11:14:35.215,5.79517,5.79656,2.55,1.35
2013.03.18 11:14:35.350,5.79492,5.79656,2.03,1.35
2013.03.18 11:14:35.720,5.79492,5.79637,2.03,2.93
2013.03.18 11:14:45.381,5.79494,5.79639,1.13,1.95
2013.03.18 11:14:46.510,5.79523,5.79657,1.73,1.73
2013.03.18 11:14:46.601,5.79523,5.79681,1.73,1.73
2013.03.18 11:14:46.681,5.79558,5.79694,1.13,2.93
2013.03.18 11:14:46.939,5.79559,5.79709,1.35,1.95
2013.03.18 11:14:47.059,5.79559,5.79721,1.35,1.73
2013.03.18 11:14:47.379,5.79572,5.79728,2.40,1.35
2013.03.18 11:14:49.070,5.79588,5.7973,1.13,2.93
2013.03.18 11:14:49.880,5.79626,5.7973,2.40,2.93
2013.03.18 11:14:49.954,5.79626,5.79777,3.38,1.35
2013.03.18 11:14:54.000,5.79636,5.79783,1.13,1.73
2013.03.18 11:14:54.130,5.79638,5.79799,1.35,2.48
2013.03.18 11:14:54.541,5.79638,5.79799,1.35,2.48
2013.03.18 11:14:55.139,5.79638,5.79799,1.35,2.48
2013.03.18 11:14:55.261,5.79636,5.79776,1.13,1.73
2013.03.18 11:14:56.130,5.79636,5.79782,1.13,1.73
2013.03.18 11:14:56.607,5.79636,5.79776,1.13,1.73
2013.03.18 11:14:57.300,5.79638,5.79797,1.35,1.73
2013.03.18 11:14:57.864,5.79638,5.79797,1.35,1.73
2013.03.18 11:15:00.320,5.79638,5.79797,1.35,1.73
2013.03.18 11:15:00.813,5.79638,5.79797,1.35,1.73
2013.03.18 11:15:00.891,5.79636,5.79782,1.73,1.13
2013.03.18 11:15:00.963,5.79631,5.79775,1.73,1.35
2013.03.18 11:15:01.092,5.79631,5.79774,1.73,1.13
2013.03.18 11:15:01.542,5.79631,5.79774,1.73,1.13
2013.03.18 11:15:01.960,5.79631,5.79774,1.73,1.13
2013.03.18 11:15:08.285,5.79631,5.79775,1.73,1.35
2013.03.18 11:15:08.889,5.79631,5.79774,1.73,1.13
2013.03.18 11:15:12.410,5.79631,5.79774,1.73,1.13
2013.03.18 11:15:13.029,5.79631,5.79774,1.73,1.13
2013.03.18 11:15:13.421,5.7963,5.79774,1.73,1.35
2013.03.18 11:15:16.263,5.79633,5.79773,1.73,1.73
2013.03.18 11:15:16.573,5.79636,5.79774,1.73,1.13
2013.03.18 11:15:18.083,5.79636,5.79782,1.73,1.13
2013.03.18 11:15:18.150,5.79656,5.79799,1.35,1.50
2013.03.18 11:15:18.210,5.79659,5.79801,1.13,1.73
2013.03.18 11:15:18.561,5.79667,5.79819,1.73,1.13
2013.03.18 11:15:18.630,5.79667,5.79819,1.73,1.13
2013.03.18 11:15:20.279,5.79667,5.79819,1.73,1.13
2013.03.18 11:15:23.912,5.79667,5.79819,1.73,1.13
2013.03.18 11:15:24.510,5.79656,5.79799,1.35,1.73
2013.03.18 11:15:24.701,5.79656,5.79803,1.35,2.48
2013.03.18 11:15:24.889,5.79673,5.79819,1.73,1.13
2013.03.18 11:15:26.930,5.79673,5.79819,1.73,1.13
2013.03.18 11:15:27.904,5.79659,5.79811,3.30,1.50
2013.03.18 11:15:27.975,5.79658,5.79799,1.35,1.73
2013.03.18 11:15:28.045,5.7965,5.7978,1.73,1.13
2013.03.18 11:15:28.260,5.79624,5.79777,1.73,1.73
2013.03.18 11:15:29.190,5.79624,5.79777,1.73,1.73
2013.03.18 11:15:32.421,5.79624,5.79777,1.73,1.73
2013.03.18 11:15:32.949,5.79624,5.79777,1.73,1.73
2013.03.18 11:15:34.740,5.79624,5.79777,1.73,1.73
2013.03.18 11:15:35.843,5.79624,5.79777,1.73,1.73
2013.03.18 11:15:37.930,5.79624,5.79777,1.73,1.73
2013.03.18 11:15:39.240,5.79624,5.79777,1.73,1.73
2013.03.18 11:15:39.369,5.79624,5.79777,1.73,1.73
2013.03.18 11:15:41.590,5.79624,5.79777,1.73,1.73
2013.03.18 11:15:41.902,5.79612,5.79723,2.93,1.13
2013.03.18 11:15:41.970,5.796,5.79732,1.73,1.13
2013.03.18 11:15:42.090,5.7959,5.79726,2.55,1.35
2013.03.18 11:15:43.453,5.796,5.79752,1.73,1.73
2013.03.18 11:15:43.759,5.79613,5.79752,1.50,1.73
2013.03.18 11:15:43.971,5.79613,5.79772,1.50,1.73
2013.03.18 11:15:45.390,5.79623,5.79775,1.73,1.73
2013.03.18 11:15:45.759,5.79623,5.79775,1.73,1.73
2013.03.18 11:15:46.091,5.79623,5.79775,1.73,1.73
2013.03.18 11:15:46.161,5.79623,5.79775,1.73,1.73
2013.03.18 11:15:46.229,5.79623,5.79775,1.73,1.73
2013.03.18 11:15:46.532,5.79647,5.79798,1.73,1.73
2013.03.18 11:15:46.989,5.79638,5.79793,1.13,1.73
2013.03.18 11:15:47.515,5.79647,5.79799,1.73,1.73
2013.03.18 11:15:47.582,5.79663,5.79799,1.73,1.73
2013.03.18 11:15:47.653,5.79668,5.79817,1.50,1.35
2013.03.18 11:15:47.722,5.79673,5.79824,1.73,1.35
2013.03.18 11:15:47.860,5.79688,5.79824,2.48,1.35
2013.03.18 11:15:48.212,5.79698,5.79842,1.73,1.13
2013.03.18 11:15:48.279,5.79704,5.79849,1.35,1.73
2013.03.18 11:15:50.403,5.79704,5.79855,1.35,1.35
2013.03.18 11:15:50.474,5.79713,5.79855,2.18,1.35
2013.03.18 11:15:50.933,5.79713,5.79849,2.18,1.73
2013.03.18 11:15:51.350,5.79713,5.79849,2.18,1.73
2013.03.18 11:15:51.469,5.79713,5.79849,2.18,1.73
2013.03.18 11:15:51.686,5.79713,5.79849,2.18,1.73
2013.03.18 11:15:51.811,5.79713,5.79849,2.18,1.73
2013.03.18 11:15:51.999,5.79713,5.79849,2.18,1.73
2013.03.18 11:15:52.612,5.79713,5.79849,2.18,1.73
2013.03.18 11:15:52.952,5.79713,5.79849,2.18,1.73
2013.03.18 11:15:53.390,5.79713,5.79849,2.18,1.73
2013.03.18 11:15:53.510,5.79713,5.79849,2.18,1.73
2013.03.18 11:15:53.774,5.79713,5.79849,2.18,1.73
2013.03.18 11:15:53.900,5.79713,5.79849,2.18,1.73
2013.03.18 11:16:02.531,5.79723,5.79881,1.73,1.73
2013.03.18 11:16:02.731,5.79723,5.79881,1.73,1.73
2013.03.18 11:16:04.321,5.79723,5.79881,1.73,1.73
2013.03.18 11:16:04.503,5.79723,5.79881,1.73,1.73
2013.03.18 11:16:05.050,5.79723,5.79881,1.73,1.73
2013.03.18 11:16:06.039,5.79723,5.79881,1.73,1.73
2013.03.18 11:16:06.729,5.79723,5.79881,1.73,1.73
2013.03.18 11:16:14.485,5.7972,5.79861,1.13,1.73
2013.03.18 11:16:16.328,5.7972,5.79861,1.13,1.73
2013.03.18 11:16:16.570,5.7972,5.79861,1.13,1.73
2013.03.18 11:16:16.821,5.7972,5.79861,1.13,1.73
2013.03.18 11:16:17.375,5.7972,5.79861,1.13,1.73
2013.03.18 11:16:19.900,5.79719,5.79861,1.13,1.73
2013.03.18 11:16:24.852,5.79719,5.79861,1.13,1.73
2013.03.18 11:16:25.124,5.79719,5.79861,1.13,1.73
2013.03.18 11:16:31.394,5.79719,5.79861,1.13,1.73
2013.03.18 11:16:34.111,5.79723,5.79861,1.13,1.73
2013.03.18 11:16:34.481,5.79723,5.79861,1.13,1.73
2013.03.18 11:16:36.460,5.79723,5.79859,1.13,1.73
2013.03.18 11:16:38.551,5.79723,5.79859,1.13,1.73
2013.03.18 11:16:42.010,5.79723,5.79859,1.13,1.73
2013.03.18 11:16:46.721,5.79723,5.79859,1.13,1.73
2013.03.18 11:16:49.162,5.79723,5.79859,1.13,1.73
2013.03.18 11:16:49.229,5.79719,5.79859,1.13,1.73
2013.03.18 11:16:50.502,5.79715,5.79859,1.35,1.73
2013.03.18 11:16:51.031,5.79715,5.79859,1.35,1.73
2013.03.18 11:16:51.469,5.79715,5.79859,1.35,1.73
2013.03.18 11:16:51.663,5.79715,5.79859,1.35,1.73
2013.03.18 11:16:51.908,5.79715,5.79863,1.35,1.73
2013.03.18 11:16:53.112,5.79738,5.79863,2.85,1.73
2013.03.18 11:16:53.420,5.79748,5.79886,1.13,1.73
2013.03.18 11:16:53.540,5.79748,5.79886,1.13,1.73
2013.03.18 11:16:55.161,5.79748,5.79886,1.13,1.73
2013.03.18 11:17:00.711,5.79748,5.79886,1.13,1.73
2013.03.18 11:17:03.031,5.79748,5.79886,1.13,1.73
2013.03.18 11:17:04.220,5.79748,5.79886,1.13,1.73
2013.03.18 11:17:04.362,5.79719,5.79859,1.73,1.13
2013.03.18 11:17:04.782,5.79698,5.79839,1.13,1.73
2013.03.18 11:17:04.853,5.79698,5.79839,1.13,1.73
2013.03.18 11:17:05.221,5.79698,5.79839,1.13,1.73
2013.03.18 11:17:05.572,5.7971,5.79859,1.35,1.13
2013.03.18 11:17:05.782,5.7971,5.79859,1.35,1.13
2013.03.18 11:17:07.489,5.79698,5.79826,1.73,1.13
2013.03.18 11:17:07.551,5.79695,5.79826,1.73,1.13
2013.03.18 11:17:07.810,5.79695,5.79826,1.73,1.13
2013.03.18 11:17:07.882,5.79676,5.79826,1.35,1.13
2013.03.18 11:17:08.890,5.79676,5.79826,1.35,1.13
2013.03.18 11:17:10.080,5.79676,5.79826,1.35,1.13
2013.03.18 11:17:12.240,5.79673,5.79809,1.13,1.73
2013.03.18 11:17:13.870,5.79673,5.79787,1.13,1.73
2013.03.18 11:17:14.052,5.79621,5.79762,1.13,1.73
2013.03.18 11:17:14.122,5.79621,5.7974,1.13,1.73
2013.03.18 11:17:14.190,5.79611,5.7974,2.10,1.73
2013.03.18 11:17:14.711,5.79591,5.79741,1.73,1.73
2013.03.18 11:17:14.780,5.79591,5.79741,1.73,1.73
2013.03.18 11:17:15.019,5.79584,5.79722,1.73,1.73
2013.03.18 11:17:15.729,5.79594,5.79739,1.73,1.73
2013.03.18 11:17:16.905,5.79594,5.7974,1.73,1.73
2013.03.18 11:17:18.101,5.79594,5.79742,1.73,1.73
2013.03.18 11:17:19.209,5.79594,5.7974,1.73,1.73
2013.03.18 11:17:19.401,5.79594,5.79752,1.73,1.73
2013.03.18 11:17:19.530,5.79594,5.79752,4.65,1.73
2013.03.18 11:17:19.650,5.79598,5.79752,1.95,1.73
2013.03.18 11:17:19.710,5.79594,5.79752,1.73,1.73
2013.03.18 11:17:20.070,5.79608,5.79756,2.70,1.35
2013.03.18 11:17:20.743,5.79618,5.79762,1.73,1.13
2013.03.18 11:17:20.812,5.79618,5.79756,1.73,1.13
2013.03.18 11:17:20.941,5.79591,5.79741,1.73,1.73
2013.03.18 11:17:22.411,5.79591,5.79741,1.73,1.73
2013.03.18 11:17:25.759,5.79581,5.79722,2.33,1.73
2013.03.18 11:17:33.170,5.79581,5.79716,2.33,1.73
2013.03.18 11:17:33.872,5.79573,5.79716,1.07,1.73
2013.03.18 11:17:35.212,5.7955,5.79712,3.99,2.93
2013.03.18 11:17:35.530,5.79533,5.79683,1.73,1.13
2013.03.18 11:17:35.660,5.79527,5.79669,1.50,1.35
2013.03.18 11:17:51.039,5.79525,5.79662,1.73,1.13
2013.03.18 11:17:51.101,5.79503,5.79647,1.73,1.35
2013.03.18 11:17:52.703,5.79503,5.79646,1.73,1.73
2013.03.18 11:17:54.240,5.79498,5.79641,2.10,2.93
2013.03.18 11:17:56.141,5.79478,5.79641,1.73,2.93
2013.03.18 11:17:56.390,5.79473,5.79592,2.48,2.93
2013.03.18 11:17:56.510,5.79431,5.79592,1.50,2.93
2013.03.18 11:17:56.941,5.79428,5.79592,1.73,2.93
2013.03.18 11:17:57.010,5.79455,5.79596,1.73,1.13
2013.03.18 11:17:59.414,5.79455,5.79596,1.35,1.50
2013.03.18 11:17:59.499,5.79429,5.79574,1.73,1.35
2013.03.18 11:17:59.800,5.79437,5.79596,3.68,1.13
2013.03.18 11:18:00.422,5.79447,5.79596,1.73,1.13
2013.03.18 11:18:02.322,5.79458,5.796,2.48,1.73
2013.03.18 11:18:03.540,5.7946,5.796,1.50,1.73
2013.03.18 11:18:03.611,5.7946,5.79611,1.59,1.35
2013.03.18 11:18:05.734,5.7946,5.79612,1.13,1.35
2013.03.18 11:18:06.031,5.79463,5.79612,1.13,1.35
2013.03.18 11:18:06.172,5.79477,5.79621,1.73,1.13
2013.03.18 11:18:06.711,5.79485,5.79612,1.50,1.35
2013.03.18 11:18:06.912,5.79475,5.79612,2.70,1.35
2013.03.18 11:18:12.585,5.79485,5.7963,1.73,1.35
2013.03.18 11:18:14.132,5.79488,5.79647,1.35,1.73
2013.03.18 11:18:16.031,5.79501,5.79653,2.48,3.30
2013.03.18 11:18:19.460,5.79511,5.79665,1.73,1.35
2013.03.18 11:18:22.311,5.7952,5.79674,1.73,1.73
2013.03.18 11:18:22.563,5.7952,5.79674,1.73,1.73
2013.03.18 11:18:22.631,5.79547,5.79698,1.73,1.73
2013.03.18 11:18:23.635,5.79554,5.79704,1.73,1.35
2013.03.18 11:18:26.201,5.7956,5.79702,1.13,1.73
2013.03.18 11:18:26.274,5.79575,5.79723,1.35,1.73
2013.03.18 11:18:26.780,5.7956,5.79719,1.73,1.73
2013.03.18 11:18:26.910,5.79552,5.79694,1.73,1.35
2013.03.18 11:18:27.581,5.79567,5.79718,1.73,1.73
2013.03.18 11:18:27.666,5.79575,5.79723,1.35,1.73
2013.03.18 11:18:30.620,5.7956,5.79718,1.73,1.73
2013.03.18 11:18:32.023,5.79553,5.79695,1.73,1.35
2013.03.18 11:18:33.400,5.79536,5.7969,1.13,1.35
2013.03.18 11:18:35.523,5.7953,5.79653,1.73,1.13
2013.03.18 11:18:35.831,5.79526,5.79653,2.10,1.35
2013.03.18 11:18:36.148,5.79526,5.79651,2.10,1.73
2013.03.18 11:18:36.300,5.795,5.79643,1.88,1.73
2013.03.18 11:18:37.066,5.795,5.79631,1.88,2.93
2013.03.18 11:18:37.190,5.79483,5.79631,1.13,2.93
2013.03.18 11:18:38.611,5.79473,5.7961,2.55,1.35
2013.03.18 11:18:38.739,5.79473,5.79608,2.55,1.13
2013.03.18 11:18:38.980,5.79457,5.79592,1.13,1.73
2013.03.18 11:18:39.290,5.79457,5.79586,1.13,1.73
2013.03.18 11:18:39.870,5.79447,5.79586,2.03,1.35
2013.03.18 11:18:40.730,5.79457,5.79607,1.50,2.93
2013.03.18 11:18:40.850,5.79458,5.79612,1.73,1.95
2013.03.18 11:18:40.910,5.79458,5.7962,1.73,1.73
2013.03.18 11:18:41.420,5.79472,5.79622,2.10,1.35
2013.03.18 11:18:42.140,5.79482,5.79633,1.13,2.93
2013.03.18 11:18:42.260,5.79489,5.79636,1.35,1.95
2013.03.18 11:18:42.381,5.79498,5.79644,1.73,1.13
2013.03.18 11:18:45.264,5.79512,5.79673,1.73,1.73
2013.03.18 11:18:45.332,5.79514,5.79675,1.73,1.73
2013.03.18 11:18:45.521,5.79536,5.79682,1.73,1.95
2013.03.18 11:18:45.641,5.79548,5.79699,1.73,1.73
2013.03.18 11:18:45.783,5.79548,5.79706,1.73,1.73
2013.03.18 11:18:45.970,5.7956,5.79713,1.73,1.35
2013.03.18 11:18:46.989,5.79564,5.79717,1.35,1.35
2013.03.18 11:18:51.061,5.79568,5.79722,1.35,1.13
2013.03.18 11:18:52.804,5.79591,5.79743,1.73,1.13
2013.03.18 11:18:52.872,5.79601,5.79749,1.35,1.13
2013.03.18 11:18:52.940,5.79608,5.79749,1.88,1.13
2013.03.18 11:18:53.207,5.79631,5.79782,1.35,1.73
2013.03.18 11:18:53.335,5.79638,5.79788,1.73,1.50
2013.03.18 11:18:53.460,5.79644,5.79793,1.73,1.13
2013.03.18 11:18:53.530,5.79644,5.79806,1.73,1.13
2013.03.18 11:18:53.600,5.79659,5.79809,2.40,1.35
2013.03.18 11:18:53.923,5.79687,5.79832,2.78,1.73
2013.03.18 11:18:54.301,5.79713,5.79832,1.50,1.73
2013.03.18 11:18:55.051,5.79723,5.79876,1.73,1.50
2013.03.18 11:18:55.112,5.79723,5.7988,1.73,1.13
2013.03.18 11:18:55.181,5.79723,5.79883,1.73,1.13
2013.03.18 11:18:55.252,5.79739,5.7991,1.65,1.50
2013.03.18 11:18:55.321,5.79739,5.7991,1.65,1.50
2013.03.18 11:18:55.451,5.79747,5.79913,1.50,1.50
2013.03.18 11:18:55.641,5.79767,5.79933,1.50,1.50
2013.03.18 11:18:56.232,5.79771,5.79935,1.73,1.50
2013.03.18 11:18:56.492,5.7979,5.79935,1.35,1.50
2013.03.18 11:18:56.562,5.7979,5.79967,1.35,1.50
2013.03.18 11:18:56.691,5.79797,5.79967,2.93,1.50
2013.03.18 11:18:57.140,5.79797,5.79973,3.68,1.13
2013.03.18 11:18:57.202,5.79824,5.79973,2.93,1.13
2013.03.18 11:18:58.570,5.7982,5.79973,1.95,1.13
2013.03.18 11:18:58.691,5.79801,5.79969,1.73,1.13
2013.03.18 11:18:59.019,5.79801,5.79952,1.73,1.50
2013.03.18 11:18:59.081,5.79804,5.79951,1.35,1.13
2013.03.18 11:18:59.150,5.79804,5.79952,1.35,1.13
2013.03.18 11:18:59.512,5.79809,5.79952,2.93,1.13
2013.03.18 11:19:00.129,5.79809,5.79951,2.93,1.13
2013.03.18 11:19:00.193,5.79807,5.79951,1.95,1.13
2013.03.18 11:19:00.261,5.79804,5.79951,1.35,1.13
2013.03.18 11:19:00.510,5.79804,5.79942,1.35,1.50
2013.03.18 11:19:01.167,5.79785,5.79933,1.35,2.93
2013.03.18 11:19:01.244,5.79804,5.7996,2.10,1.13
2013.03.18 11:19:01.701,5.79837,5.79977,1.50,1.35
2013.03.18 11:19:02.054,5.79887,5.80009,2.93,1.50
2013.03.18 11:19:02.663,5.79898,5.80054,1.73,1.13
2013.03.18 11:19:02.729,5.79908,5.80057,1.35,1.73
2013.03.18 11:19:03.381,5.79908,5.80064,1.35,1.35
2013.03.18 11:19:03.924,5.79908,5.80057,1.35,1.73
2013.03.18 11:19:04.240,5.79908,5.80062,1.35,1.73
2013.03.18 11:19:04.421,5.79888,5.80034,1.73,1.35
2013.03.18 11:19:04.730,5.79877,5.80034,1.35,2.10
2013.03.18 11:19:04.879,5.79868,5.80022,1.35,1.73
2013.03.18 11:19:04.941,5.79865,5.80011,1.73,1.73
2013.03.18 11:19:05.190,5.79839,5.79983,1.73,1.73
2013.03.18 11:19:05.610,5.79837,5.79983,1.35,1.73
2013.03.18 11:19:06.779,5.79816,5.79962,1.13,1.73
2013.03.18 11:19:08.769,5.79837,5.7998,1.35,1.73
2013.03.18 11:19:09.174,5.79837,5.79983,1.35,1.73
2013.03.18 11:19:09.317,5.79858,5.80012,1.73,1.73
2013.03.18 11:19:09.619,5.79877,5.80013,2.93,1.50
2013.03.18 11:19:10.479,5.79877,5.79984,2.93,1.13
2013.03.18 11:19:10.562,5.79812,5.79944,1.73,1.13
2013.03.18 11:19:10.820,5.79788,5.79942,1.35,1.73
2013.03.18 11:19:12.180,5.79788,5.79942,1.35,2.48
2013.03.18 11:19:12.773,5.79768,5.7993,1.35,1.73
2013.03.18 11:19:13.411,5.79788,5.79933,1.35,2.48
2013.03.18 11:19:13.651,5.79788,5.79933,1.35,2.48
2013.03.18 11:19:13.719,5.79762,5.79912,1.73,1.35
2013.03.18 11:19:14.231,5.79767,5.79912,2.70,1.35
2013.03.18 11:19:14.300,5.79769,5.79918,2.93,1.13
2013.03.18 11:19:16.631,5.79755,5.7991,1.35,1.35
2013.03.18 11:19:17.852,5.79755,5.79903,1.35,1.73
2013.03.18 11:19:19.715,5.79759,5.79903,1.95,1.73
2013.03.18 11:19:20.020,5.79786,5.79922,2.93,1.13
2013.03.18 11:19:21.869,5.79768,5.79931,1.73,1.35
2013.03.18 11:19:22.620,5.79784,5.79942,1.35,1.73
2013.03.18 11:19:27.312,5.79761,5.79912,2.48,1.73
2013.03.18 11:19:27.500,5.7976,5.79911,1.35,1.35
2013.03.18 11:19:27.755,5.79738,5.79905,2.10,2.93
2013.03.18 11:19:28.260,5.79734,5.79884,1.73,1.35
2013.03.18 11:19:28.479,5.79729,5.79884,1.35,1.35
2013.03.18 11:19:28.905,5.79734,5.79884,1.73,1.35
2013.03.18 11:19:29.781,5.79734,5.79884,1.73,1.35
2013.03.18 11:19:31.921,5.79734,5.79884,1.73,1.35
2013.03.18 11:19:32.339,5.79734,5.79884,1.73,1.35
2013.03.18 11:19:32.882,5.79729,5.7988,1.35,1.13
2013.03.18 11:19:33.290,5.79736,5.7988,2.93,1.13
2013.03.18 11:19:37.310,5.79734,5.79884,1.73,1.35
2013.03.18 11:19:38.083,5.79734,5.79884,1.73,1.35
2013.03.18 11:19:38.499,5.79734,5.79884,1.73,1.35
2013.03.18 11:19:38.859,5.79757,5.79909,1.73,1.73
2013.03.18 11:19:40.304,5.7976,5.79909,1.73,1.73
2013.03.18 11:19:40.633,5.79767,5.79913,1.73,1.73
2013.03.18 11:19:40.703,5.79769,5.79919,1.35,1.35
2013.03.18 11:19:46.681,5.79749,5.79893,2.93,1.13
2013.03.18 11:19:46.753,5.79744,5.79889,1.95,1.35
2013.03.18 11:19:46.821,5.79734,5.79873,1.73,1.35
2013.03.18 11:19:47.103,5.7972,5.79866,1.73,1.73
2013.03.18 11:19:47.233,5.79703,5.79866,1.73,1.73
2013.03.18 11:19:49.506,5.79708,5.79848,1.73,2.63
2013.03.18 11:19:49.571,5.79694,5.79836,1.73,1.73
2013.03.18 11:19:49.644,5.79688,5.79836,1.35,1.73
2013.03.18 11:19:49.802,5.79688,5.79835,1.35,1.50
2013.03.18 11:19:50.052,5.79653,5.79808,1.73,1.35
2013.03.18 11:19:50.612,5.79665,5.79814,2.93,1.13
2013.03.18 11:19:58.000,5.79686,5.79814,1.73,1.13
2013.03.18 11:19:59.279,5.79679,5.7983,1.73,1.35
2013.03.18 11:19:59.520,5.79649,5.79803,1.73,1.13
2013.03.18 11:19:59.719,5.79646,5.79803,1.13,2.10
2013.03.18 11:19:59.899,5.79642,5.79787,1.35,1.73
2013.03.18 11:20:00.521,5.79624,5.79786,1.73,1.35
2013.03.18 11:20:02.392,5.79621,5.79764,2.93,2.18
2013.03.18 11:20:02.461,5.7961,5.79757,1.35,1.73
2013.03.18 11:20:02.651,5.79597,5.79754,1.73,1.13
2013.03.18 11:20:02.722,5.79591,5.79733,1.50,1.35
2013.03.18 11:20:02.851,5.7959,5.79733,1.73,1.35
2013.03.18 11:20:05.240,5.79588,5.7973,1.73,1.13
2013.03.18 11:20:09.392,5.79591,5.7973,2.93,1.13
2013.03.18 11:20:11.182,5.79613,5.7973,2.93,1.13
2013.03.18 11:20:11.681,5.79634,5.79753,1.95,1.13
2013.03.18 11:20:11.752,5.79641,5.79763,2.93,1.58
2013.03.18 11:20:11.827,5.79641,5.79778,2.93,1.13
2013.03.18 11:20:12.507,5.79677,5.79807,1.73,1.50
2013.03.18 11:20:12.872,5.79709,5.7983,2.93,1.50
2013.03.18 11:20:13.061,5.79709,5.79866,2.93,1.13
2013.03.18 11:20:18.391,5.79705,5.79841,1.95,1.13
2013.03.18 11:20:18.461,5.79691,5.79841,1.35,1.13
2013.03.18 11:20:19.201,5.79705,5.79841,2.93,1.13
2013.03.18 11:20:22.409,5.79697,5.79841,1.95,1.13
2013.03.18 11:20:22.470,5.79691,5.79841,1.35,1.13
2013.03.18 11:20:22.530,5.79704,5.79841,2.93,1.13
2013.03.18 11:20:23.641,5.79728,5.79863,2.93,1.13
2013.03.18 11:20:23.965,5.79733,5.79873,1.35,1.50
2013.03.18 11:20:24.272,5.79743,5.79893,1.73,1.35
2013.03.18 11:20:24.341,5.79753,5.79904,2.93,1.13
2013.03.18 11:20:25.810,5.79769,5.79918,1.73,1.73
2013.03.18 11:20:25.993,5.79777,5.79924,2.93,1.50
2013.03.18 11:20:26.120,5.79777,5.79924,2.93,1.50
2013.03.18 11:20:27.201,5.79777,5.7993,2.93,1.50
2013.03.18 11:20:27.310,5.79777,5.79939,2.93,1.13
2013.03.18 11:20:27.799,5.79795,5.79939,1.73,1.13
2013.03.18 11:20:27.860,5.79798,5.79939,1.95,1.13
2013.03.18 11:20:28.230,5.79801,5.79939,2.93,1.13
2013.03.18 11:20:28.365,5.79822,5.79951,1.73,1.13
2013.03.18 11:20:28.553,5.79822,5.79966,1.73,1.73
2013.03.18 11:20:28.620,5.79823,5.79968,3.68,1.50
2013.03.18 11:20:28.801,5.79823,5.79986,3.68,1.50
2013.03.18 11:20:29.291,5.79823,5.79987,3.68,1.73
2013.03.18 11:20:29.820,5.79823,5.79986,3.68,1.50
2013.03.18 11:20:30.071,5.79823,5.79987,3.68,1.73
2013.03.18 11:20:30.549,5.79823,5.79986,3.68,1.50
2013.03.18 11:20:32.439,5.79823,5.79987,3.68,1.73
2013.03.18 11:20:37.379,5.79823,5.79986,3.68,1.50
2013.03.18 11:20:38.513,5.79823,5.79986,3.68,1.50
2013.03.18 11:20:39.037,5.79823,5.79986,3.68,1.50
2013.03.18 11:20:39.359,5.79823,5.79986,3.68,1.50
2013.03.18 11:20:39.569,5.79823,5.79987,3.68,1.73
2013.03.18 11:20:39.630,5.79844,5.79987,1.35,1.73
2013.03.18 11:20:39.990,5.79852,5.80007,1.35,1.13
2013.03.18 11:20:40.453,5.79852,5.80007,1.35,1.13
2013.03.18 11:20:40.521,5.79836,5.7998,1.35,1.73
2013.03.18 11:20:40.714,5.79822,5.79959,1.73,1.13
2013.03.18 11:20:40.960,5.79815,5.79957,1.73,1.73
2013.03.18 11:20:41.181,5.79815,5.79957,1.73,1.73
2013.03.18 11:20:41.673,5.79815,5.79957,1.73,1.73
2013.03.18 11:20:42.872,5.79804,5.79957,1.35,1.73
2013.03.18 11:20:43.163,5.79797,5.79934,1.13,1.73
2013.03.18 11:20:44.241,5.79772,5.79925,1.73,1.13
2013.03.18 11:20:44.669,5.79772,5.79925,1.73,1.13
2013.03.18 11:20:45.276,5.79772,5.79925,1.73,1.13
2013.03.18 11:20:47.091,5.79772,5.79925,1.73,1.13
2013.03.18 11:20:48.400,5.79772,5.79925,1.73,1.13
2013.03.18 11:20:48.591,5.7977,5.7991,1.13,1.73
2013.03.18 11:20:49.011,5.7977,5.7991,1.13,1.73
2013.03.18 11:20:49.460,5.7977,5.7991,1.13,1.73
2013.03.18 11:20:50.350,5.7977,5.79913,1.13,1.73
2013.03.18 11:20:50.471,5.79772,5.79925,3.68,1.13
2013.03.18 11:20:51.459,5.79772,5.79925,3.68,1.13
2013.03.18 11:21:01.690,5.79767,5.79912,1.73,1.73
2013.03.18 11:21:05.952,5.79746,5.79902,3.68,1.13
2013.03.18 11:21:06.269,5.79736,5.79878,1.88,1.73
2013.03.18 11:21:06.402,5.79723,5.79878,1.35,1.73
2013.03.18 11:21:06.571,5.79723,5.79878,1.35,1.73
2013.03.18 11:21:07.121,5.79723,5.79878,1.35,1.73
2013.03.18 11:21:09.815,5.79761,5.79883,1.35,1.50
2013.03.18 11:21:09.882,5.79761,5.79893,1.35,2.70
2013.03.18 11:21:09.951,5.79761,5.79912,1.35,2.93
2013.03.18 11:21:10.021,5.79766,5.79912,1.35,1.95
2013.03.18 11:21:10.567,5.79766,5.79915,1.35,1.13
2013.03.18 11:21:11.809,5.79766,5.79915,1.35,1.13
2013.03.18 11:21:11.945,5.79763,5.79908,1.35,1.73
2013.03.18 11:21:12.380,5.79763,5.79908,1.35,1.73
2013.03.18 11:21:12.991,5.79763,5.79908,1.35,1.73
2013.03.18 11:21:13.491,5.79763,5.79908,1.35,1.73
2013.03.18 11:21:13.643,5.79767,5.79915,2.93,1.13
2013.03.18 11:21:14.192,5.79767,5.79923,2.93,1.88
2013.03.18 11:21:25.660,5.79785,5.79932,1.35,1.50
2013.03.18 11:21:25.722,5.79785,5.79933,2.10,1.73
2013.03.18 11:21:26.491,5.79785,5.79933,2.10,1.73
2013.03.18 11:21:27.703,5.79785,5.79933,2.10,1.73
2013.03.18 11:21:29.098,5.79785,5.79933,2.10,1.73
2013.03.18 11:21:29.164,5.79757,5.7991,1.73,1.35
2013.03.18 11:21:29.350,5.79751,5.799,1.13,1.35
2013.03.18 11:21:31.451,5.79783,5.79904,1.50,2.93
2013.03.18 11:21:31.520,5.79783,5.7992,1.50,1.73
2013.03.18 11:21:31.760,5.79786,5.79944,1.73,1.73
2013.03.18 11:21:32.062,5.79809,5.79952,2.10,1.73
2013.03.18 11:21:32.660,5.79809,5.79963,2.10,1.73
2013.03.18 11:21:32.851,5.79831,5.79973,1.73,1.50
2013.03.18 11:21:32.920,5.79831,5.79975,1.73,1.73
2013.03.18 11:21:32.989,5.79834,5.79992,1.50,1.73
2013.03.18 11:21:33.135,5.79859,5.80002,1.73,1.73
2013.03.18 11:21:33.200,5.79864,5.80003,1.13,1.73
2013.03.18 11:21:33.379,5.79874,5.80026,1.35,2.48
2013.03.18 11:21:33.870,5.79893,5.80026,2.63,1.73
2013.03.18 11:21:33.929,5.79893,5.80026,2.63,1.73
2013.03.18 11:21:34.182,5.79893,5.80026,2.63,1.73
2013.03.18 11:21:34.643,5.79893,5.80026,2.63,1.73
2013.03.18 11:21:34.850,5.79893,5.80026,2.63,1.73
2013.03.18 11:21:35.190,5.79893,5.80026,2.63,1.73
2013.03.18 11:21:35.250,5.79893,5.80026,2.63,1.73
2013.03.18 11:21:37.332,5.79906,5.80063,2.93,1.13
2013.03.18 11:21:37.401,5.79906,5.80063,2.93,1.13
2013.03.18 11:21:37.820,5.79904,5.80059,1.95,1.50
2013.03.18 11:21:37.879,5.79903,5.80059,1.73,1.50
2013.03.18 11:21:41.460,5.79903,5.80062,1.73,1.73
2013.03.18 11:21:41.981,5.79903,5.80062,1.73,1.73
2013.03.18 11:21:42.052,5.79909,5.80066,2.93,1.50
2013.03.18 11:21:42.421,5.79909,5.80066,2.93,1.50
2013.03.18 11:21:42.791,5.79932,5.80082,2.93,1.13
2013.03.18 11:21:43.021,5.79932,5.80082,2.93,1.13
2013.03.18 11:21:44.110,5.79952,5.80113,1.73,1.73
2013.03.18 11:21:44.443,5.79952,5.80113,1.73,1.73
2013.03.18 11:21:44.618,5.79964,5.80115,2.93,1.88
2013.03.18 11:21:44.870,5.79978,5.80115,1.73,1.13
2013.03.18 11:21:45.051,5.79987,5.80115,2.93,1.13
2013.03.18 11:21:45.249,5.79978,5.80113,1.73,2.70
2013.03.18 11:21:45.431,5.79969,5.80113,1.73,3.68
2013.03.18 11:21:45.750,5.79969,5.80113,1.73,3.68
2013.03.18 11:21:46.199,5.79969,5.80074,1.73,1.13
2013.03.18 11:21:46.421,5.79969,5.80074,1.73,1.13
2013.03.18 11:21:46.491,5.79952,5.80074,1.73,1.13
2013.03.18 11:21:46.560,5.79943,5.80074,1.73,1.13
2013.03.18 11:21:48.435,5.79943,5.80074,1.73,1.13
2013.03.18 11:21:50.899,5.79943,5.80088,1.73,1.73
2013.03.18 11:21:51.210,5.79929,5.80088,1.35,1.73
2013.03.18 11:21:51.331,5.79929,5.80091,1.35,1.73
2013.03.18 11:21:52.080,5.79929,5.80088,1.35,1.73
2013.03.18 11:21:52.319,5.79929,5.80088,1.35,1.73
2013.03.18 11:21:52.440,5.79928,5.80062,1.73,1.13
2013.03.18 11:21:52.620,5.79921,5.80062,1.73,1.13
2013.03.18 11:21:52.920,5.79894,5.80041,1.73,1.35
2013.03.18 11:21:53.890,5.79894,5.80041,1.73,2.10
2013.03.18 11:21:56.280,5.79894,5.80041,1.73,1.13
2013.03.18 11:21:56.861,5.79894,5.80041,1.73,1.13
2013.03.18 11:21:57.240,5.79894,5.80041,1.73,1.13
2013.03.18 11:21:57.800,5.79894,5.80041,1.73,1.13
2013.03.18 11:22:00.280,5.79894,5.80055,1.73,1.50
2013.03.18 11:22:01.172,5.79894,5.80055,1.73,1.50
2013.03.18 11:22:01.239,5.79894,5.80055,1.73,1.50
2013.03.18 11:22:02.252,5.79894,5.80055,1.73,1.50
2013.03.18 11:22:04.049,5.79913,5.80064,1.73,1.73
2013.03.18 11:22:04.820,5.79918,5.80079,1.73,1.88
2013.03.18 11:22:05.122,5.79939,5.80079,2.93,1.88
2013.03.18 11:22:05.431,5.79937,5.80079,1.73,1.13
2013.03.18 11:22:05.640,5.79937,5.80079,1.73,1.13
2013.03.18 11:22:11.949,5.79937,5.80079,1.73,1.13
2013.03.18 11:22:12.129,5.79911,5.80061,1.73,1.73
2013.03.18 11:22:12.311,5.7989,5.80053,3.68,1.50
2013.03.18 11:22:12.530,5.7989,5.80053,3.68,1.50
2013.03.18 11:22:15.629,5.7989,5.80038,3.68,1.13
2013.03.18 11:22:15.879,5.79911,5.80061,1.35,1.73
2013.03.18 11:22:16.000,5.79941,5.80098,1.73,1.73
2013.03.18 11:22:16.119,5.79941,5.80098,1.73,1.73
2013.03.18 11:22:16.299,5.79944,5.80107,1.73,1.50
2013.03.18 11:22:16.419,5.79964,5.80108,1.73,1.13
2013.03.18 11:22:16.929,5.79964,5.80108,1.73,1.13
2013.03.18 11:22:18.423,5.79964,5.80108,1.73,1.13
2013.03.18 11:22:19.138,5.79964,5.80108,1.73,1.13
2013.03.18 11:22:19.470,5.79964,5.80108,1.73,1.13
2013.03.18 11:22:19.579,5.79964,5.80108,1.73,1.13
2013.03.18 11:22:21.959,5.79964,5.80108,1.73,1.13
2013.03.18 11:22:22.491,5.79964,5.80108,1.73,1.13
2013.03.18 11:22:22.931,5.79964,5.80108,1.73,1.13
2013.03.18 11:22:27.222,5.79964,5.80108,1.73,1.13
2013.03.18 11:22:28.680,5.79968,5.80131,1.73,1.50
2013.03.18 11:22:29.752,5.79968,5.80131,1.73,1.50
2013.03.18 11:22:30.571,5.79967,5.80104,2.93,1.50
2013.03.18 11:22:30.990,5.79964,5.80104,1.95,1.50
2013.03.18 11:22:31.109,5.79955,5.80104,1.35,1.50
2013.03.18 11:22:32.311,5.79943,5.80104,2.93,1.50
2013.03.18 11:22:32.501,5.79965,5.80123,1.73,1.73
2013.03.18 11:22:33.232,5.79975,5.80129,2.93,1.50
2013.03.18 11:22:33.551,5.79975,5.80129,2.93,1.50
2013.03.18 11:22:34.616,5.79965,5.80128,1.73,1.73
2013.03.18 11:22:34.827,5.79965,5.80128,1.73,1.73
2013.03.18 11:22:34.894,5.79939,5.80102,1.73,1.50
2013.03.18 11:22:35.021,5.79939,5.80102,1.73,1.50
2013.03.18 11:22:35.330,5.79929,5.80084,1.95,1.73
2013.03.18 11:22:35.510,5.79929,5.80084,1.95,1.73
2013.03.18 11:22:35.630,5.79914,5.80078,1.73,1.50
2013.03.18 11:22:35.941,5.79914,5.80069,1.73,1.13
2013.03.18 11:22:36.184,5.79914,5.80078,2.10,1.50
2013.03.18 11:22:36.311,5.79914,5.80078,2.10,1.50
2013.03.18 11:22:37.118,5.79914,5.80078,2.10,1.50
2013.03.18 11:22:37.430,5.79929,5.80081,2.93,1.73
2013.03.18 11:22:37.880,5.7994,5.80103,2.93,1.88
2013.03.18 11:22:37.942,5.7994,5.80103,2.93,1.88
2013.03.18 11:22:38.491,5.7994,5.80103,2.93,1.88
2013.03.18 11:22:38.919,5.7994,5.80103,2.93,1.88
2013.03.18 11:22:39.039,5.79952,5.80103,1.35,1.50
2013.03.18 11:22:39.341,5.79952,5.80103,1.35,1.50
2013.03.18 11:22:40.120,5.79952,5.80103,1.35,1.50
2013.03.18 11:22:42.421,5.7994,5.80103,2.93,1.50
2013.03.18 11:22:42.494,5.79961,5.80119,1.73,1.73
2013.03.18 11:22:42.562,5.79961,5.80119,1.73,1.73
2013.03.18 11:22:42.705,5.79964,5.80127,1.73,1.50
2013.03.18 11:22:45.861,5.79964,5.80127,1.73,1.50
2013.03.18 11:22:45.983,5.79959,5.80114,1.73,1.73
2013.03.18 11:22:46.113,5.79964,5.80127,1.73,1.50
2013.03.18 11:22:47.181,5.79964,5.80127,1.73,1.50
2013.03.18 11:22:47.511,5.79974,5.80127,2.93,1.50
2013.03.18 11:22:47.870,5.79974,5.80127,2.93,1.50
2013.03.18 11:22:48.671,5.79974,5.80127,2.93,1.50
2013.03.18 11:22:50.362,5.7999,5.80139,1.73,1.13
2013.03.18 11:22:51.870,5.7999,5.80139,1.73,1.13
2013.03.18 11:22:51.990,5.79997,5.80139,2.93,1.13
2013.03.18 11:23:06.176,5.79997,5.80152,2.93,1.50
2013.03.18 11:23:06.720,5.79997,5.80152,2.93,1.50
2013.03.18 11:23:07.712,5.79997,5.80152,2.93,1.50
2013.03.18 11:23:11.620,5.80018,5.8016,1.35,1.73
2013.03.18 11:23:11.682,5.80059,5.80188,1.73,1.50
2013.03.18 11:23:12.011,5.80059,5.8022,1.73,1.50
2013.03.18 11:23:12.960,5.80059,5.8022,1.73,1.50
2013.03.18 11:23:13.078,5.80053,5.80197,1.73,1.73
2013.03.18 11:23:13.259,5.80059,5.80196,1.73,1.73
2013.03.18 11:23:13.379,5.80059,5.80192,1.73,1.35
2013.03.18 11:23:13.439,5.80047,5.80143,2.93,1.95
2013.03.18 11:23:13.499,5.80009,5.80143,2.85,2.93
2013.03.18 11:23:13.559,5.79988,5.80143,1.13,2.93
2013.03.18 11:23:14.858,5.79988,5.80123,1.13,1.73
2013.03.18 11:23:16.628,5.79988,5.80132,1.13,1.73
2013.03.18 11:23:16.878,5.79989,5.80146,1.73,1.73
2013.03.18 11:23:17.296,5.80006,5.80149,2.78,1.73
2013.03.18 11:23:17.418,5.80006,5.80149,2.78,1.73
2013.03.18 11:23:19.146,5.80006,5.80153,2.78,1.73
2013.03.18 11:23:20.060,5.80006,5.80149,2.78,1.73
2013.03.18 11:23:20.373,5.80006,5.80149,2.78,1.73
2013.03.18 11:23:20.770,5.80006,5.80149,2.78,1.73
2013.03.18 11:23:21.122,5.80006,5.80126,1.80,1.73
2013.03.18 11:23:22.362,5.79988,5.80126,1.13,1.73
2013.03.18 11:23:22.492,5.79982,5.80126,3.38,1.73
2013.03.18 11:23:22.801,5.7996,5.801,1.73,1.73
2013.03.18 11:23:23.162,5.79954,5.80083,2.85,1.73
2013.03.18 11:23:23.902,5.79958,5.801,1.73,1.73
2013.03.18 11:23:24.352,5.79958,5.80122,1.73,1.73
2013.03.18 11:23:24.482,5.79964,5.80124,1.73,1.73
2013.03.18 11:23:24.609,5.79981,5.80124,2.70,1.73
2013.03.18 11:23:24.950,5.79981,5.80124,2.70,1.73
2013.03.18 11:23:27.950,5.79981,5.80124,2.70,1.73
2013.03.18 11:23:32.950,5.79981,5.80124,2.70,1.73
2013.03.18 11:23:33.449,5.79981,5.80102,1.73,1.73
2013.03.18 11:23:33.630,5.79959,5.80122,1.73,2.93
2013.03.18 11:23:33.701,5.79959,5.80083,1.73,1.95
2013.03.18 11:23:33.773,5.79939,5.80083,1.73,1.95
2013.03.18 11:23:33.841,5.7993,5.80083,1.73,2.93
2013.03.18 11:23:34.520,5.79891,5.80053,1.50,2.93
2013.03.18 11:23:35.610,5.79929,5.80053,1.35,2.93
2013.03.18 11:23:35.731,5.79978,5.80083,2.93,1.95
2013.03.18 11:23:35.799,5.79978,5.80103,2.93,1.50
2013.03.18 11:23:35.980,5.79965,5.80083,2.40,2.93
2013.03.18 11:23:36.040,5.79923,5.80064,1.73,2.93
2013.03.18 11:23:36.114,5.79916,5.8004,1.50,2.93
2013.03.18 11:23:36.181,5.79873,5.80036,2.78,1.73
2013.03.18 11:23:38.711,5.79876,5.80036,1.35,1.73
2013.03.18 11:23:39.221,5.79873,5.80018,1.13,2.93
2013.03.18 11:23:44.351,5.79863,5.79997,1.50,1.35
2013.03.18 11:23:44.691,5.79863,5.7999,1.50,1.35
2013.03.18 11:23:44.880,5.79839,5.7999,1.13,1.35
2013.03.18 11:23:47.730,5.79811,5.79972,1.50,1.73
2013.03.18 11:24:00.650,5.79841,5.79981,1.13,1.95
2013.03.18 11:24:00.710,5.79841,5.7999,1.13,1.35
2013.03.18 11:24:01.423,5.79838,5.7999,1.13,1.35
2013.03.18 11:24:03.110,5.79834,5.79979,1.13,2.93
2013.03.18 11:24:05.370,5.79809,5.79951,1.50,2.93
2013.03.18 11:24:06.808,5.79785,5.79943,1.35,1.73
2013.03.18 11:24:06.872,5.79785,5.7993,1.35,1.95
2013.03.18 11:24:08.101,5.79784,5.79924,1.13,2.93
2013.03.18 11:24:12.012,5.79784,5.79901,1.13,2.93
2013.03.18 11:24:12.211,5.79755,5.79901,1.13,2.93
2013.03.18 11:24:12.280,5.79754,5.79901,1.13,2.93
2013.03.18 11:24:17.652,5.79747,5.79872,1.13,2.93
2013.03.18 11:24:18.559,5.79738,5.79884,1.13,1.73
2013.03.18 11:24:19.301,5.79721,5.79865,1.13,2.93
2013.03.18 11:24:20.039,5.79721,5.79843,1.13,2.93
2013.03.18 11:24:20.119,5.79691,5.79846,1.50,2.93
2013.03.18 11:24:34.391,5.79691,5.79846,1.13,2.93
2013.03.18 11:24:35.581,5.79704,5.79848,1.35,1.95
2013.03.18 11:24:35.651,5.79711,5.79854,1.13,1.73
2013.03.18 11:24:35.921,5.79704,5.79854,1.35,1.73
2013.03.18 11:24:40.359,5.79704,5.79854,1.73,1.73
2013.03.18 11:24:40.549,5.7973,5.79864,1.73,2.55
2013.03.18 11:24:41.589,5.7973,5.79888,1.73,1.73
2013.03.18 11:24:52.850,5.79724,5.79888,1.73,1.73
2013.03.18 11:24:53.435,5.7973,5.79888,1.73,1.73
2013.03.18 11:24:55.409,5.7973,5.79883,1.35,1.73
2013.03.18 11:24:55.670,5.79724,5.79873,1.13,2.93
2013.03.18 11:25:12.380,5.79724,5.79862,1.13,1.73
2013.03.18 11:25:15.961,5.79724,5.79863,1.13,1.73
2013.03.18 11:25:18.519,5.79724,5.79852,1.13,2.93
2013.03.18 11:25:18.820,5.79667,5.79821,2.70,1.73
2013.03.18 11:25:19.140,5.79667,5.79821,2.70,1.73
2013.03.18 11:25:19.560,5.79702,5.79831,1.35,2.93
2013.03.18 11:25:19.620,5.79702,5.79851,1.35,1.35
2013.03.18 11:25:19.680,5.79702,5.79818,1.35,1.73
2013.03.18 11:25:19.983,5.79667,5.79812,2.70,2.93
2013.03.18 11:25:21.373,5.79671,5.79818,1.73,1.73
2013.03.18 11:25:23.151,5.79648,5.79798,1.50,2.93
2013.03.18 11:25:23.220,5.79655,5.79798,1.50,2.93
2013.03.18 11:25:23.282,5.79655,5.798,2.48,1.95
2013.03.18 11:25:23.711,5.79651,5.79802,1.13,2.93
2013.03.18 11:25:23.785,5.79655,5.79802,1.13,2.93
2013.03.18 11:25:24.163,5.79655,5.79802,1.50,2.93
2013.03.18 11:25:24.291,5.79658,5.79804,1.73,1.95
2013.03.18 11:25:24.792,5.79668,5.79818,1.50,1.73
2013.03.18 11:25:26.419,5.79683,5.7983,1.13,1.95
2013.03.18 11:25:26.491,5.79683,5.79842,1.13,1.73
2013.03.18 11:25:30.760,5.797,5.79847,1.35,1.13
2013.03.18 11:25:30.882,5.79709,5.79853,1.50,1.35
2013.03.18 11:25:31.213,5.79738,5.7989,1.73,1.73
2013.03.18 11:25:32.111,5.79739,5.79892,1.35,1.35
2013.03.18 11:25:32.992,5.79734,5.79887,1.13,2.93
2013.03.18 11:25:33.300,5.79717,5.7986,1.13,2.93
2013.03.18 11:25:47.300,5.79666,5.79823,1.95,1.73
2013.03.18 11:25:47.362,5.79661,5.79823,1.73,1.73
2013.03.18 11:25:47.899,5.79661,5.79809,1.73,1.35
2013.03.18 11:25:49.270,5.79642,5.79785,1.35,1.73
2013.03.18 11:25:49.980,5.79637,5.79785,1.95,1.73
2013.03.18 11:25:50.041,5.79637,5.79795,4.88,1.50
2013.03.18 11:25:51.303,5.79658,5.79795,1.73,1.50
2013.03.18 11:25:51.493,5.79658,5.79818,1.73,1.73
2013.03.18 11:25:51.700,5.79679,5.79823,1.73,1.73
2013.03.18 11:25:59.041,5.79703,5.79854,1.35,1.73
2013.03.18 11:26:00.411,5.79707,5.79854,1.50,1.73
2013.03.18 11:26:00.712,5.7973,5.79873,1.73,1.95
2013.03.18 11:26:00.780,5.7973,5.79883,1.73,1.73
2013.03.18 11:26:10.070,5.79721,5.79871,1.50,2.93
2013.03.18 11:26:18.923,5.79711,5.79863,2.48,1.73
2013.03.18 11:26:18.996,5.79711,5.79848,2.48,2.93
2013.03.18 11:26:19.065,5.79688,5.79839,2.33,1.73
2013.03.18 11:26:19.191,5.79687,5.79837,1.13,1.35
2013.03.18 11:26:26.718,5.7969,5.79837,1.13,1.35
2013.03.18 11:26:27.060,5.79719,5.79848,1.13,2.93
2013.03.18 11:26:27.181,5.79719,5.79866,1.13,1.73
2013.03.18 11:26:30.673,5.79727,5.79866,1.50,1.73
2013.03.18 11:26:30.813,5.79764,5.79891,1.13,1.73
2013.03.18 11:26:30.883,5.79764,5.79899,1.13,1.73
2013.03.18 11:26:30.953,5.79764,5.79917,1.13,1.73
2013.03.18 11:26:31.023,5.79779,5.79921,1.73,1.73
2013.03.18 11:26:31.293,5.79788,5.79924,1.50,1.35
2013.03.18 11:26:31.922,5.79787,5.79924,1.50,1.35
2013.03.18 11:26:40.242,5.79788,5.79942,1.50,2.93
2013.03.18 11:26:40.550,5.79817,5.79942,1.13,2.93
2013.03.18 11:26:40.790,5.79817,5.79951,1.13,1.73
2013.03.18 11:26:44.950,5.79802,5.79947,1.35,1.73
2013.03.18 11:26:46.212,5.79788,5.79943,1.50,1.73
2013.03.18 11:26:53.921,5.79788,5.79933,1.13,1.73
2013.03.18 11:26:55.281,5.79788,5.79924,1.13,1.73
2013.03.18 11:26:55.583,5.79788,5.79932,1.13,1.73
2013.03.18 11:26:56.470,5.79798,5.79947,1.35,1.35
2013.03.18 11:26:56.684,5.79801,5.79951,1.35,1.73
2013.03.18 11:26:56.753,5.79805,5.79962,1.73,1.73
2013.03.18 11:26:57.082,5.79813,5.79977,3.68,1.73
2013.03.18 11:26:59.212,5.79813,5.79974,3.68,1.50
2013.03.18 11:27:00.473,5.79813,5.79977,3.68,1.73
2013.03.18 11:27:01.900,5.79813,5.79974,3.68,1.50
2013.03.18 11:27:02.240,5.79813,5.79974,3.68,1.50
2013.03.18 11:27:02.362,5.79813,5.79974,3.68,1.50
2013.03.18 11:27:02.493,5.7981,5.79952,1.73,1.73
2013.03.18 11:27:02.902,5.79806,5.7995,1.73,1.73
2013.03.18 11:27:12.421,5.79813,5.7995,1.13,1.73
2013.03.18 11:27:12.738,5.79813,5.7995,1.13,1.73
2013.03.18 11:27:13.000,5.79813,5.7995,1.13,1.73
2013.03.18 11:27:13.511,5.79813,5.7995,1.13,1.73
2013.03.18 11:27:14.081,5.79825,5.79972,1.35,1.13
2013.03.18 11:27:16.053,5.79814,5.79959,1.35,1.73
2013.03.18 11:27:19.683,5.79814,5.79959,1.35,1.73
2013.03.18 11:27:21.681,5.79814,5.79959,1.35,1.73
2013.03.18 11:27:23.093,5.79814,5.79959,1.35,1.73
2013.03.18 11:27:23.251,5.79814,5.79972,1.35,1.35
2013.03.18 11:27:23.442,5.79817,5.79974,3.00,1.73
2013.03.18 11:27:23.514,5.79847,5.79984,1.35,1.88
2013.03.18 11:27:23.654,5.79847,5.79993,1.35,1.73
2013.03.18 11:27:26.757,5.79864,5.8001,1.35,2.40
2013.03.18 11:27:27.091,5.79867,5.8001,1.35,2.40
2013.03.18 11:27:29.420,5.79842,5.8,1.73,1.73
2013.03.18 11:27:31.339,5.79842,5.79987,1.73,1.73
2013.03.18 11:27:37.949,5.79842,5.79983,1.73,1.50
2013.03.18 11:27:42.780,5.79842,5.79984,1.73,2.85
2013.03.18 11:27:49.510,5.79841,5.79974,1.73,1.50
2013.03.18 11:27:49.950,5.79841,5.79974,1.35,1.50
2013.03.18 11:27:50.652,5.79841,5.79974,1.35,1.50
2013.03.18 11:27:54.892,5.79841,5.79974,1.35,1.50
2013.03.18 11:27:57.861,5.79841,5.79983,1.35,1.50
2013.03.18 11:28:05.070,5.79841,5.79983,1.35,1.50
2013.03.18 11:28:09.359,5.79824,5.79974,1.73,1.73
2013.03.18 11:28:17.921,5.79824,5.79968,1.73,1.73
2013.03.18 11:28:18.111,5.79813,5.79952,1.13,1.73
2013.03.18 11:28:18.540,5.79813,5.79945,1.13,1.73
2013.03.18 11:28:20.370,5.79813,5.79945,1.13,1.73
2013.03.18 11:28:21.417,5.79773,5.79922,1.73,1.73
2013.03.18 11:28:23.090,5.79761,5.79922,1.73,1.73
2013.03.18 11:28:23.719,5.79761,5.79916,1.73,1.73
2013.03.18 11:28:24.030,5.79756,5.79902,1.35,1.95
2013.03.18 11:28:24.092,5.79751,5.79893,1.35,1.73
2013.03.18 11:28:25.360,5.7973,5.79893,2.93,1.73
2013.03.18 11:28:25.420,5.79768,5.79893,1.50,1.73
2013.03.18 11:28:25.741,5.79778,5.79902,3.68,1.95
2013.03.18 11:28:26.682,5.79804,5.79933,1.73,2.78
2013.03.18 11:28:35.160,5.79804,5.79949,1.73,1.73
2013.03.18 11:28:35.341,5.79832,5.79959,1.35,2.03
2013.03.18 11:28:37.811,5.79816,5.79959,1.35,3.00
2013.03.18 11:28:40.602,5.79816,5.79959,1.35,3.00
2013.03.18 11:28:50.400,5.79831,5.79959,1.35,2.03
2013.03.18 11:28:58.918,5.79838,5.79959,1.35,2.03
2013.03.18 11:29:00.472,5.79847,5.79959,1.50,2.03
2013.03.18 11:29:01.153,5.79863,5.79984,1.35,1.73
2013.03.18 11:29:08.562,5.79839,5.79981,1.35,1.73
2013.03.18 11:29:10.013,5.79813,5.79974,1.73,1.73
2013.03.18 11:29:10.372,5.79838,5.79982,1.35,1.73
2013.03.18 11:29:23.700,5.79817,5.79974,1.50,1.73
2013.03.18 11:29:23.998,5.79815,5.79974,1.73,1.73
2013.03.18 11:29:24.750,5.79815,5.7996,1.73,3.75
2013.03.18 11:29:24.811,5.79815,5.7996,1.35,3.75
2013.03.18 11:29:24.992,5.79788,5.79943,3.68,1.73
2013.03.18 11:29:29.049,5.79788,5.79943,2.93,1.73
2013.03.18 11:29:29.110,5.79797,5.7995,1.50,1.73
2013.03.18 11:29:29.810,5.79827,5.7996,1.95,2.78
2013.03.18 11:29:30.814,5.79827,5.7996,2.70,2.78
2013.03.18 11:29:44.861,5.7982,5.7996,1.73,2.78
2013.03.18 11:30:00.383,5.79843,5.7996,1.35,2.78
2013.03.18 11:30:04.780,5.79843,5.7996,1.73,2.78
2013.03.18 11:30:05.022,5.79848,5.79983,1.50,1.88
2013.03.18 11:30:13.071,5.79867,5.79983,1.35,1.88
2013.03.18 11:30:13.143,5.79878,5.79983,1.73,1.88
2013.03.18 11:30:13.213,5.79895,5.8001,1.95,1.88
2013.03.18 11:30:13.283,5.79897,5.8001,2.93,1.88
2013.03.18 11:30:13.531,5.79918,5.80033,1.73,1.50
2013.03.18 11:30:13.650,5.79918,5.80042,2.48,1.61
2013.03.18 11:30:13.711,5.79928,5.80042,2.93,1.61
2013.03.18 11:30:14.222,5.79928,5.80043,2.93,2.80
2013.03.18 11:30:14.371,5.79938,5.80094,1.73,1.73
2013.03.18 11:30:14.666,5.79938,5.80094,1.73,1.73
2013.03.18 11:30:15.062,5.79949,5.80094,1.35,1.73
2013.03.18 11:30:15.481,5.79949,5.80094,1.35,1.73
2013.03.18 11:30:15.703,5.79949,5.80094,1.35,1.73
2013.03.18 11:30:17.244,5.79949,5.80101,1.35,1.73
2013.03.18 11:30:18.210,5.79949,5.80094,1.35,1.73
2013.03.18 11:30:19.113,5.79949,5.80094,1.35,1.73
2013.03.18 11:30:20.161,5.79949,5.80094,1.35,1.73
2013.03.18 11:30:21.843,5.79949,5.80075,1.35,1.50
2013.03.18 11:30:21.911,5.79929,5.80071,1.35,1.73
2013.03.18 11:30:21.972,5.79929,5.80069,1.35,1.73
2013.03.18 11:30:22.040,5.79913,5.80062,1.13,1.73
2013.03.18 11:30:22.162,5.79928,5.80073,1.35,1.73
2013.03.18 11:30:22.290,5.79928,5.80073,1.35,1.73
2013.03.18 11:30:22.471,5.79928,5.80073,1.35,1.73
2013.03.18 11:30:23.884,5.79935,5.80082,1.35,1.13
2013.03.18 11:30:24.589,5.79954,5.80085,1.35,2.18
2013.03.18 11:30:25.861,5.79954,5.8005,1.35,1.65
2013.03.18 11:30:37.881,5.79931,5.8005,1.35,1.65
2013.03.18 11:30:38.987,5.79931,5.8005,1.73,1.65
2013.03.18 11:30:39.576,5.79931,5.8005,1.35,1.65
2013.03.18 11:30:39.961,5.79931,5.80042,1.35,1.50
2013.03.18 11:30:40.882,5.7991,5.80043,1.35,1.50
2013.03.18 11:30:40.971,5.7991,5.8004,1.35,1.50
2013.03.18 11:30:46.642,5.7991,5.80042,1.35,1.50
2013.03.18 11:30:47.130,5.7991,5.8004,1.35,1.50
2013.03.18 11:30:47.242,5.7991,5.8004,1.35,1.50
2013.03.18 11:30:52.751,5.79889,5.80033,1.73,1.73
2013.03.18 11:30:54.672,5.79889,5.80032,1.73,1.73
2013.03.18 11:30:55.275,5.79889,5.80032,1.73,1.73
2013.03.18 11:30:55.453,5.79883,5.80032,1.35,1.73
2013.03.18 11:30:55.622,5.79883,5.80033,1.35,1.73
2013.03.18 11:30:56.039,5.79883,5.80032,1.35,1.73
2013.03.18 11:31:00.483,5.79883,5.80032,1.35,1.73
2013.03.18 11:31:00.612,5.79867,5.80007,2.33,1.73
2013.03.18 11:31:00.862,5.79853,5.79992,1.50,1.73
2013.03.18 11:31:00.981,5.79853,5.79992,1.13,1.73
2013.03.18 11:31:01.373,5.79839,5.79983,1.73,1.73
2013.03.18 11:31:01.702,5.79807,5.79962,1.73,1.73
2013.03.18 11:31:04.212,5.79807,5.79953,1.73,1.73
2013.03.18 11:31:12.681,5.79807,5.79951,1.73,1.73
2013.03.18 11:31:12.800,5.79803,5.79948,1.73,1.13
2013.03.18 11:31:12.860,5.79786,5.79942,1.35,2.48
2013.03.18 11:31:13.251,5.79786,5.79923,1.35,1.50
2013.03.18 11:31:17.691,5.79786,5.79917,1.35,1.50
2013.03.18 11:31:18.212,5.79786,5.79917,1.35,1.50
2013.03.18 11:31:18.450,5.79786,5.79923,1.35,1.50
2013.03.18 11:31:20.202,5.79786,5.79927,1.73,1.73
2013.03.18 11:31:26.942,5.79786,5.79927,1.35,1.73
2013.03.18 11:31:30.524,5.79765,5.79893,2.93,1.13
2013.03.18 11:31:30.591,5.79745,5.79893,1.35,1.88
2013.03.18 11:31:30.771,5.79735,5.79893,1.35,2.85
2013.03.18 11:31:37.163,5.79735,5.79879,1.35,3.45
2013.03.18 11:31:42.591,5.79735,5.79893,1.35,2.10
2013.03.18 11:31:42.651,5.79747,5.79893,1.13,1.73
2013.03.18 11:31:42.712,5.79758,5.79903,1.35,1.95
2013.03.18 11:32:00.030,5.79738,5.79893,1.13,1.73
2013.03.18 11:32:07.738,5.79735,5.79884,1.35,1.73
2013.03.18 11:32:08.050,5.7973,5.79873,1.13,1.73
2013.03.18 11:32:12.779,5.79711,5.79865,1.35,1.73
2013.03.18 11:32:18.721,5.79711,5.79861,1.35,1.95
2013.03.18 11:32:29.154,5.7971,5.79863,1.35,1.73
2013.03.18 11:32:38.973,5.79704,5.79863,1.13,2.93
2013.03.18 11:32:43.802,5.79722,5.79866,1.35,1.73
2013.03.18 11:32:44.201,5.79722,5.79866,1.73,1.73
2013.03.18 11:32:46.160,5.79717,5.79866,1.35,2.10
2013.03.18 11:32:46.282,5.79708,5.79859,1.13,2.93
2013.03.18 11:32:51.302,5.79696,5.79838,1.35,1.73
2013.03.18 11:32:54.912,5.79717,5.79847,1.35,2.63
2013.03.18 11:32:55.041,5.79717,5.79861,1.35,1.73
2013.03.18 11:32:57.000,5.79718,5.79861,1.73,1.73
2013.03.18 11:32:57.731,5.79699,5.79859,1.13,2.93
2013.03.18 11:32:58.360,5.79695,5.79838,1.35,1.73
2013.03.18 11:32:59.162,5.79695,5.79837,1.35,1.50
2013.03.18 11:32:59.232,5.79687,5.79836,1.35,1.13
2013.03.18 11:32:59.301,5.79674,5.79816,2.10,1.73
2013.03.18 11:32:59.706,5.79667,5.79806,2.33,2.93
2013.03.18 11:33:05.471,5.79671,5.79812,1.35,2.48
2013.03.18 11:33:05.533,5.79671,5.79813,1.35,1.73
2013.03.18 11:33:12.811,5.79687,5.79822,1.35,1.58
2013.03.18 11:33:20.471,5.79699,5.79822,1.35,1.58
2013.03.18 11:33:27.161,5.79655,5.79812,2.93,1.13
2013.03.18 11:33:27.220,5.79655,5.79793,2.93,1.50
2013.03.18 11:33:27.284,5.79648,5.79792,1.35,1.73
2013.03.18 11:33:28.461,5.79649,5.79792,1.13,2.70
2013.03.18 11:33:29.163,5.79638,5.79783,1.13,1.73
2013.03.18 11:33:35.711,5.79648,5.79792,1.35,2.70
2013.03.18 11:33:41.073,5.79649,5.79792,1.13,1.73
2013.03.18 11:33:41.641,5.79648,5.79792,1.35,1.73
2013.03.18 11:33:42.369,5.79648,5.79792,1.35,1.73
2013.03.18 11:33:45.053,5.79648,5.79783,1.35,1.50
2013.03.18 11:33:45.400,5.79623,5.79765,1.73,1.73
2013.03.18 11:33:45.722,5.79623,5.79728,1.73,2.48
2013.03.18 11:33:46.071,5.79578,5.79718,1.50,1.73
2013.03.18 11:33:46.204,5.79598,5.79728,1.50,2.48
2013.03.18 11:33:46.332,5.79598,5.79728,1.13,2.48
2013.03.18 11:33:46.472,5.79592,5.79728,1.73,2.48
2013.03.18 11:33:46.758,5.79587,5.79728,1.73,2.48
2013.03.18 11:33:52.660,5.79592,5.79728,1.73,2.48
2013.03.18 11:33:52.972,5.79592,5.79728,1.73,2.48
2013.03.18 11:33:56.051,5.79592,5.79728,1.73,2.48
2013.03.18 11:33:57.150,5.79592,5.79728,1.73,2.48
2013.03.18 11:33:58.311,5.79592,5.79728,1.73,2.48
2013.03.18 11:34:01.441,5.79592,5.79742,1.73,1.73
2013.03.18 11:34:01.562,5.79618,5.79752,1.73,2.93
2013.03.18 11:34:01.751,5.79618,5.7976,1.73,1.35
2013.03.18 11:34:02.000,5.79618,5.7976,1.73,1.35
2013.03.18 11:34:02.064,5.79618,5.7976,1.73,1.35
2013.03.18 11:34:02.194,5.79618,5.79768,2.48,1.73
2013.03.18 11:34:02.321,5.79641,5.79778,1.35,2.10
2013.03.18 11:34:03.641,5.79666,5.79778,1.13,2.10
2013.03.18 11:34:04.251,5.79658,5.79778,1.13,2.10
2013.03.18 11:34:17.659,5.79666,5.79778,1.35,2.10
2013.03.18 11:34:24.984,5.79666,5.79804,1.35,2.40
2013.03.18 11:34:26.321,5.79643,5.79794,1.73,1.73
2013.03.18 11:34:32.942,5.79634,5.79794,1.73,1.73
2013.03.18 11:34:34.041,5.79634,5.79794,1.73,1.73
2013.03.18 11:34:46.866,5.79638,5.79788,1.50,2.93
2013.03.18 11:34:50.100,5.79637,5.79788,1.13,2.93
2013.03.18 11:34:51.070,5.79637,5.79788,1.50,2.93
2013.03.18 11:34:52.651,5.79649,5.79794,1.73,1.73
2013.03.18 11:35:06.036,5.79647,5.79794,1.73,1.73
2013.03.18 11:35:13.074,5.79647,5.79799,1.73,1.73
2013.03.18 11:35:22.340,5.79655,5.79799,1.35,1.73
2013.03.18 11:35:24.980,5.79655,5.79813,1.35,1.73
2013.03.18 11:35:33.300,5.79637,5.79801,1.13,2.93
2013.03.18 11:35:37.341,5.79628,5.79801,1.35,2.93
2013.03.18 11:35:43.612,5.79635,5.79801,1.73,2.93
2013.03.18 11:35:45.261,5.79635,5.79801,1.73,2.93
2013.03.18 11:35:45.563,5.79618,5.79763,1.13,1.73
2013.03.18 11:35:50.473,5.79612,5.79747,1.35,2.18
2013.03.18 11:35:52.062,5.79608,5.79737,1.13,1.73
2013.03.18 11:35:52.533,5.79597,5.79737,1.13,1.73
2013.03.18 11:35:59.433,5.79587,5.79719,1.13,1.50
2013.03.18 11:35:59.841,5.79587,5.79709,1.13,1.73
2013.03.18 11:36:00.042,5.79578,5.79709,1.13,1.73
2013.03.18 11:36:00.772,5.79577,5.79709,1.13,1.73
2013.03.18 11:36:00.964,5.79578,5.79709,1.13,1.73
2013.03.18 11:36:01.152,5.79608,5.79719,1.13,1.50
2013.03.18 11:36:06.140,5.79598,5.79732,1.13,1.73
2013.03.18 11:36:10.131,5.79598,5.79732,1.50,1.73
2013.03.18 11:36:10.551,5.79608,5.79742,1.50,2.78
2013.03.18 11:36:17.565,5.79628,5.79758,1.50,1.73
2013.03.18 11:36:24.050,5.7966,5.79785,1.35,1.73
2013.03.18 11:36:24.111,5.7966,5.79795,1.35,1.50
2013.03.18 11:36:25.993,5.79637,5.79785,1.50,1.73
2013.03.18 11:36:26.302,5.79631,5.79785,1.73,1.73
2013.03.18 11:36:43.061,5.79648,5.79785,1.50,1.73
2013.03.18 11:36:46.062,5.79648,5.79785,1.50,1.73
2013.03.18 11:36:58.186,5.79677,5.79795,1.13,2.48
2013.03.18 11:36:58.314,5.79711,5.79849,2.10,1.73
2013.03.18 11:36:58.391,5.79738,5.79849,1.50,1.73
2013.03.18 11:37:00.595,5.79738,5.79849,1.13,1.73
2013.03.18 11:37:18.123,5.79737,5.79857,1.13,1.88
2013.03.18 11:37:19.724,5.79718,5.79847,1.50,1.73
2013.03.18 11:37:22.152,5.79737,5.79857,1.13,1.88
2013.03.18 11:37:22.305,5.79748,5.79872,1.13,1.73
2013.03.18 11:37:22.374,5.79748,5.79872,1.13,1.73
2013.03.18 11:37:22.515,5.79762,5.79896,1.35,1.73
2013.03.18 11:37:22.642,5.79762,5.79905,1.35,1.73
2013.03.18 11:37:22.882,5.79764,5.79905,1.13,1.73
2013.03.18 11:37:24.101,5.79764,5.79905,1.13,1.73
2013.03.18 11:37:25.043,5.79762,5.79905,1.35,1.73
2013.03.18 11:37:25.782,5.79734,5.79896,1.73,1.73
2013.03.18 11:37:26.106,5.79728,5.79864,1.50,1.73
2013.03.18 11:37:28.170,5.79707,5.79864,2.10,1.73
2013.03.18 11:37:28.312,5.79707,5.79846,1.35,1.95
2013.03.18 11:37:29.082,5.79687,5.79836,1.13,1.73
2013.03.18 11:37:36.261,5.79682,5.79825,1.73,1.95
2013.03.18 11:37:36.613,5.79674,5.79823,1.50,2.93
2013.03.18 11:37:37.291,5.79685,5.79836,1.35,1.73
2013.03.18 11:37:43.711,5.79685,5.79836,1.35,1.73
2013.03.18 11:37:44.352,5.79674,5.79828,1.73,1.35
2013.03.18 11:37:44.592,5.79655,5.79789,1.35,2.48
2013.03.18 11:37:45.801,5.79657,5.79789,1.95,2.48
2013.03.18 11:37:45.861,5.79657,5.79804,1.95,2.10
2013.03.18 11:37:46.513,5.79657,5.79804,2.70,1.73
2013.03.18 11:37:52.962,5.79657,5.79773,2.70,1.50
2013.03.18 11:37:53.023,5.79657,5.79773,1.95,1.50
2013.03.18 11:37:53.284,5.79621,5.79764,1.35,1.73
2013.03.18 11:37:53.353,5.79607,5.79764,1.13,1.73
2013.03.18 11:37:53.815,5.79607,5.79741,1.13,2.93
2013.03.18 11:37:54.433,5.79588,5.79731,1.50,1.73
2013.03.18 11:38:01.034,5.79587,5.79725,1.50,1.58
2013.03.18 11:38:01.281,5.79534,5.79637,1.65,2.63
2013.03.18 11:38:01.341,5.79523,5.79603,1.05,1.50
2013.03.18 11:38:01.761,5.79463,5.79603,1.73,1.50
2013.03.18 11:38:02.553,5.79463,5.79603,1.73,1.50
2013.03.18 11:38:03.711,5.79463,5.79603,1.73,1.50
2013.03.18 11:38:05.083,5.79463,5.79603,1.73,1.50
2013.03.18 11:38:08.725,5.79463,5.79603,1.73,1.50
2013.03.18 11:38:10.143,5.79463,5.79603,1.73,1.50
2013.03.18 11:38:10.501,5.79492,5.79634,1.35,1.80
2013.03.18 11:38:10.902,5.79498,5.79634,1.35,1.80
2013.03.18 11:38:12.072,5.79517,5.79634,1.13,1.80
2013.03.18 11:38:14.411,5.79478,5.79624,1.73,1.13
2013.03.18 11:38:14.532,5.79464,5.79624,1.13,1.13
2013.03.18 11:38:14.602,5.79464,5.79608,1.13,1.73
2013.03.18 11:38:14.912,5.79464,5.79608,1.13,1.73
2013.03.18 11:38:15.932,5.79466,5.79628,1.50,1.35
2013.03.18 11:38:16.004,5.79517,5.79639,1.13,1.80
2013.03.18 11:38:16.312,5.79524,5.79639,1.35,1.80
2013.03.18 11:38:18.212,5.79508,5.79639,1.13,1.80
2013.03.18 11:38:26.371,5.7952,5.79639,1.50,1.80
2013.03.18 11:38:26.492,5.79563,5.79683,1.35,2.03
2013.03.18 11:38:26.744,5.79566,5.79683,1.13,2.03
2013.03.18 11:38:26.993,5.79563,5.79683,1.35,2.03
2013.03.18 11:38:27.063,5.79563,5.79705,1.35,1.73
2013.03.18 11:38:29.015,5.79566,5.79705,1.13,1.73
2013.03.18 11:38:29.082,5.79566,5.79705,1.13,1.73
2013.03.18 11:38:29.442,5.79577,5.79715,1.73,1.80
2013.03.18 11:38:33.805,5.79568,5.79705,1.73,1.50
2013.03.18 11:38:33.931,5.79548,5.79671,2.70,1.35
2013.03.18 11:38:33.991,5.79548,5.79653,1.95,1.73
2013.03.18 11:38:34.112,5.79522,5.79659,1.35,1.73
2013.03.18 11:38:35.133,5.79522,5.79656,1.35,2.18
2013.03.18 11:38:35.201,5.79514,5.79656,1.35,2.18
2013.03.18 11:38:36.221,5.79522,5.79656,1.13,2.18
2013.03.18 11:38:38.117,5.79522,5.79656,1.13,2.18
2013.03.18 11:38:40.379,5.79548,5.79656,1.50,2.18
2013.03.18 11:38:40.742,5.79548,5.79679,1.50,2.03
2013.03.18 11:38:41.677,5.79562,5.79705,1.35,1.73
2013.03.18 11:38:47.402,5.79543,5.79697,1.35,1.13
2013.03.18 11:38:47.472,5.79537,5.79682,2.10,1.73
2013.03.18 11:38:47.832,5.79527,5.79673,1.13,1.73
2013.03.18 11:38:48.743,5.7954,5.79683,1.35,2.70
2013.03.18 11:38:50.141,5.7954,5.79683,1.73,1.73
2013.03.18 11:38:50.532,5.7954,5.79683,1.35,1.73
2013.03.18 11:38:50.591,5.79528,5.79673,1.13,1.73
2013.03.18 11:38:52.162,5.7954,5.79673,1.13,1.73
2013.03.18 11:38:52.515,5.79537,5.79673,1.13,1.73
2013.03.18 11:38:54.411,5.79537,5.79659,1.13,2.93
2013.03.18 11:38:54.953,5.79495,5.79638,1.73,1.35
2013.03.18 11:38:55.141,5.79495,5.79638,1.73,1.35
2013.03.18 11:38:57.882,5.79495,5.79638,1.73,1.35
2013.03.18 11:38:57.995,5.79495,5.79628,1.73,2.85
2013.03.18 11:38:58.613,5.79495,5.79628,1.73,2.85
2013.03.18 11:39:02.641,5.79495,5.79628,1.73,2.85
2013.03.18 11:39:03.023,5.79517,5.79645,1.73,1.13
2013.03.18 11:39:03.091,5.79517,5.79645,1.73,1.13
2013.03.18 11:39:04.782,5.79517,5.79645,1.73,1.13
2013.03.18 11:39:05.762,5.79517,5.79645,1.73,1.13
2013.03.18 11:39:06.263,5.79517,5.79645,1.73,1.13
2013.03.18 11:39:06.451,5.79517,5.79659,1.73,1.35
2013.03.18 11:39:06.511,5.79517,5.7968,2.48,2.93
2013.03.18 11:39:06.571,5.79538,5.79681,1.73,1.73
2013.03.18 11:39:08.182,5.79518,5.79681,1.73,2.48
2013.03.18 11:39:08.241,5.79515,5.7964,1.73,1.35
2013.03.18 11:39:08.301,5.79491,5.79628,1.35,2.40
2013.03.18 11:39:09.792,5.79492,5.79628,1.58,2.40
2013.03.18 11:39:09.921,5.79492,5.7965,1.58,1.73
2013.03.18 11:39:09.982,5.79537,5.7965,1.50,1.73
2013.03.18 11:39:10.042,5.79538,5.79658,2.93,1.73
2013.03.18 11:39:10.162,5.79538,5.7966,3.68,1.88
2013.03.18 11:39:10.221,5.79538,5.79683,3.68,1.73
2013.03.18 11:39:25.132,5.79538,5.79661,1.73,1.58
2013.03.18 11:39:25.463,5.79499,5.79635,1.73,2.85
2013.03.18 11:39:25.581,5.79498,5.79635,1.73,2.85
2013.03.18 11:39:26.881,5.79491,5.7961,1.35,2.48
2013.03.18 11:39:27.001,5.79478,5.7961,1.13,2.48
2013.03.18 11:39:30.921,5.79455,5.796,2.93,1.13
2013.03.18 11:39:30.981,5.79438,5.79572,1.73,1.65
2013.03.18 11:39:43.683,5.79426,5.79572,1.35,3.38
2013.03.18 11:39:58.463,5.79407,5.79533,2.93,2.70
2013.03.18 11:39:58.532,5.79358,5.79511,1.73,1.35
2013.03.18 11:39:58.591,5.79409,5.79533,2.93,2.70
2013.03.18 11:39:58.912,5.79477,5.79593,2.93,1.80
2013.03.18 11:39:59.031,5.79456,5.79617,1.13,3.68
2013.03.18 11:39:59.332,5.79487,5.79627,1.35,1.58
2013.03.18 11:40:01.584,5.79505,5.79627,1.35,1.58
2013.03.18 11:40:03.702,5.79482,5.79606,1.35,2.93
2013.03.18 11:40:04.007,5.79441,5.79585,1.73,1.73
2013.03.18 11:40:04.132,5.79447,5.79585,2.25,1.73
2013.03.18 11:40:04.321,5.79502,5.79627,3.30,2.93
2013.03.18 11:40:04.442,5.79502,5.79651,3.30,1.95
2013.03.18 11:40:05.082,5.79497,5.79642,1.35,1.73
2013.03.18 11:40:05.325,5.79478,5.79642,1.73,1.73
2013.03.18 11:40:05.599,5.79476,5.79625,2.93,1.95
2013.03.18 11:40:07.302,5.79476,5.79615,2.93,1.13
2013.03.18 11:40:07.361,5.79458,5.79593,1.73,1.35
2013.03.18 11:40:07.422,5.79454,5.79593,1.50,1.35
2013.03.18 11:40:07.482,5.7943,5.79576,2.93,2.78
2013.03.18 11:40:09.172,5.79366,5.7952,2.93,1.73
2013.03.18 11:40:13.813,5.79378,5.79497,1.35,1.58
2013.03.18 11:40:14.363,5.79363,5.79489,1.95,1.13
2013.03.18 11:40:14.504,5.79342,5.79471,3.30,2.85
2013.03.18 11:40:15.266,5.79341,5.79471,1.35,2.85
2013.03.18 11:40:19.213,5.79327,5.79471,1.73,2.85
2013.03.18 11:40:19.782,5.79327,5.79461,1.73,1.13
2013.03.18 11:40:21.623,5.79341,5.79461,1.73,1.13
2013.03.18 11:40:22.051,5.79341,5.79461,1.73,1.13
2013.03.18 11:40:22.354,5.79377,5.7949,1.73,1.50
2013.03.18 11:40:22.877,5.79368,5.795,1.73,2.25
2013.03.18 11:40:24.094,5.79366,5.79469,2.93,2.85
2013.03.18 11:40:24.163,5.79339,5.79469,2.93,2.85
2013.03.18 11:40:24.233,5.79337,5.79469,1.73,2.85
2013.03.18 11:40:26.022,5.79307,5.79459,1.13,1.73
2013.03.18 11:40:26.082,5.79315,5.79468,2.93,1.13
2013.03.18 11:40:26.434,5.79315,5.79444,2.93,1.65
2013.03.18 11:40:26.504,5.79308,5.79444,1.73,1.65
2013.03.18 11:40:26.697,5.79314,5.79444,1.73,1.65
2013.03.18 11:40:26.764,5.79307,5.79444,1.35,1.65
2013.03.18 11:40:33.092,5.79293,5.79416,2.93,2.03
2013.03.18 11:40:33.153,5.79284,5.79416,1.73,2.03
2013.03.18 11:40:33.350,5.79267,5.79416,1.73,2.03
2013.03.18 11:40:33.534,5.79267,5.79388,1.73,2.48
2013.03.18 11:40:33.602,5.79261,5.79388,1.73,2.48
2013.03.18 11:40:33.733,5.79259,5.79386,1.95,1.13
2013.03.18 11:40:34.111,5.79247,5.79386,1.73,1.13
2013.03.18 11:40:40.621,5.79259,5.79388,1.35,2.48
2013.03.18 11:40:40.804,5.79275,5.79418,1.35,1.58
2013.03.18 11:40:40.933,5.79275,5.79434,1.35,1.73
2013.03.18 11:40:41.063,5.79293,5.79437,2.93,1.13
2013.03.18 11:40:42.162,5.79314,5.79444,1.35,2.33
2013.03.18 11:40:43.032,5.79332,5.79479,1.35,1.58
2013.03.18 11:40:45.362,5.79308,5.79455,1.73,1.73
2013.03.18 11:40:45.559,5.7928,5.79428,1.35,1.13
2013.03.18 11:40:47.002,5.79287,5.79428,1.73,1.13
2013.03.18 11:40:47.363,5.79325,5.79462,1.35,2.18
2013.03.18 11:40:49.311,5.79332,5.79462,2.93,2.18
2013.03.18 11:40:49.390,5.79332,5.79488,2.93,1.13
2013.03.18 11:41:02.277,5.79332,5.79488,2.93,1.13
2013.03.18 11:41:02.664,5.79355,5.79488,2.93,1.13
2013.03.18 11:41:02.913,5.79372,5.79498,1.35,2.93
2013.03.18 11:41:04.233,5.79372,5.79518,1.35,1.73
2013.03.18 11:41:04.303,5.79378,5.79521,2.93,1.13
2013.03.18 11:41:07.322,5.79372,5.79517,1.35,1.73
2013.03.18 11:41:07.387,5.79372,5.795,1.35,2.55
2013.03.18 11:41:07.513,5.79338,5.79493,1.73,1.73
2013.03.18 11:41:08.953,5.79329,5.79476,2.93,2.03
2013.03.18 11:41:10.402,5.79306,5.79471,2.93,1.73
2013.03.18 11:41:17.412,5.79306,5.79449,2.93,2.85
2013.03.18 11:41:19.365,5.79327,5.79449,1.35,2.85
2013.03.18 11:41:19.795,5.79344,5.79449,1.35,2.85
2013.03.18 11:41:19.924,5.79344,5.79486,1.35,1.95
2013.03.18 11:41:20.463,5.79353,5.79486,2.93,1.95
2013.03.18 11:41:20.524,5.79354,5.79517,1.73,1.13
2013.03.18 11:41:21.602,5.79377,5.79517,2.93,1.13
2013.03.18 11:41:22.103,5.7938,5.79527,1.35,2.55
2013.03.18 11:41:33.113,5.79375,5.79517,1.35,2.48
2013.03.18 11:41:33.242,5.79375,5.79517,1.35,1.73
2013.03.18 11:41:33.873,5.79354,5.79489,1.13,2.93
2013.03.18 11:41:34.191,5.79325,5.79456,1.73,1.58
2013.03.18 11:41:34.312,5.79317,5.79456,1.73,1.58
2013.03.18 11:41:39.223,5.79301,5.79446,1.35,1.73
2013.03.18 11:41:39.292,5.79313,5.79419,1.35,2.85
2013.03.18 11:41:39.355,5.79313,5.79453,1.35,1.50
2013.03.18 11:41:39.842,5.79297,5.79422,1.35,2.10
2013.03.18 11:41:40.772,5.79276,5.79416,2.93,1.13
2013.03.18 11:41:43.526,5.79299,5.79422,1.35,2.10
2013.03.18 11:41:44.210,5.79302,5.79422,2.93,2.10
2013.03.18 11:41:45.763,5.79302,5.79448,2.93,1.13
2013.03.18 11:41:48.864,5.79301,5.7943,1.13,2.48
2013.03.18 11:41:48.932,5.79288,5.79422,1.13,1.73
2013.03.18 11:41:49.172,5.79266,5.7942,1.13,1.13
2013.03.18 11:41:49.233,5.79266,5.7942,1.13,1.13
2013.03.18 11:41:49.543,5.79266,5.79402,1.13,2.70
2013.03.18 11:41:50.244,5.79266,5.79399,1.13,1.73
2013.03.18 11:41:51.111,5.79265,5.79402,1.35,2.70
2013.03.18 11:41:52.261,5.79266,5.79402,1.13,2.70
2013.03.18 11:41:55.341,5.79265,5.79402,1.35,2.70
2013.03.18 11:41:58.964,5.79265,5.79402,2.33,2.70
2013.03.18 11:41:59.032,5.79269,5.79431,1.50,1.73
2013.03.18 11:42:05.732,5.79295,5.79433,1.35,1.50
2013.03.18 11:42:07.132,5.79269,5.79402,1.73,1.35
2013.03.18 11:42:07.251,5.79217,5.79316,2.10,2.03
2013.03.18 11:42:07.371,5.79193,5.79316,1.80,2.03
2013.03.18 11:42:08.329,5.79185,5.79316,1.13,2.03
2013.03.18 11:42:08.452,5.79185,5.79316,1.13,2.03
2013.03.18 11:42:10.161,5.79185,5.79307,1.13,1.73
2013.03.18 11:42:15.862,5.79185,5.79307,1.13,1.73
2013.03.18 11:42:15.921,5.79188,5.79307,1.50,1.73
2013.03.18 11:42:16.042,5.79188,5.79337,1.50,1.73
2013.03.18 11:42:16.913,5.79204,5.79347,1.35,1.73
2013.03.18 11:42:18.162,5.7922,5.79347,1.13,1.73
2013.03.18 11:42:18.592,5.7922,5.79347,1.13,1.73
2013.03.18 11:42:18.911,5.7922,5.79367,1.13,1.35
2013.03.18 11:42:18.972,5.7922,5.79369,1.13,1.13
2013.03.18 11:42:19.152,5.79228,5.79379,1.35,3.68
2013.03.18 11:42:19.345,5.79257,5.79405,1.95,2.03
2013.03.18 11:42:19.412,5.79257,5.79405,2.70,2.03
2013.03.18 11:42:19.903,5.79257,5.79347,1.95,1.13
2013.03.18 11:42:20.033,5.79257,5.79308,1.95,2.18
2013.03.18 11:42:20.092,5.79214,5.79308,1.05,2.18
2013.03.18 11:42:20.371,5.79172,5.79308,1.73,2.18
2013.03.18 11:42:20.512,5.79172,5.79308,1.73,2.18
2013.03.18 11:42:20.649,5.79172,5.79308,1.73,2.18
2013.03.18 11:42:21.914,5.79172,5.79308,1.73,2.18
2013.03.18 11:42:22.871,5.79167,5.79308,1.73,2.18
2013.03.18 11:42:23.021,5.79167,5.79332,1.73,1.73
2013.03.18 11:42:23.082,5.79172,5.79332,1.73,1.73
2013.03.18 11:42:24.712,5.79172,5.79332,1.73,1.73
2013.03.18 11:42:25.013,5.79179,5.79336,2.93,1.80
2013.03.18 11:42:25.145,5.79188,5.79358,1.73,1.73
2013.03.18 11:42:27.251,5.792,5.79358,1.73,1.73
2013.03.18 11:42:27.672,5.792,5.79358,1.73,1.73
2013.03.18 11:42:28.274,5.79226,5.79359,1.73,2.48
2013.03.18 11:42:28.342,5.79226,5.79377,1.73,1.73
2013.03.18 11:42:29.349,5.79213,5.79377,1.73,1.73
2013.03.18 11:42:29.601,5.79226,5.79362,1.73,2.85
2013.03.18 11:42:30.421,5.79208,5.79362,1.73,2.85
2013.03.18 11:42:34.311,5.79237,5.79362,1.95,2.85
2013.03.18 11:42:34.613,5.7926,5.79385,1.35,1.58
2013.03.18 11:42:35.391,5.7926,5.79404,1.35,1.50
2013.03.18 11:42:35.704,5.79241,5.79404,1.73,1.50
2013.03.18 11:42:35.834,5.79265,5.79428,1.73,2.48
2013.03.18 11:42:35.903,5.79265,5.79428,1.73,1.73
2013.03.18 11:42:35.976,5.79285,5.79428,1.35,1.73
2013.03.18 11:42:36.282,5.79306,5.79438,1.35,2.85
2013.03.18 11:42:40.552,5.79265,5.79428,1.73,1.73
2013.03.18 11:42:43.023,5.79284,5.79428,1.73,1.73
2013.03.18 11:42:43.961,5.79263,5.79405,2.93,1.50
2013.03.18 11:42:45.102,5.79237,5.794,1.73,1.73
2013.03.18 11:42:54.911,5.79236,5.79395,2.93,1.50
2013.03.18 11:42:55.985,5.79248,5.79395,1.35,1.88
2013.03.18 11:42:56.131,5.79248,5.79395,1.35,1.88
2013.03.18 11:42:58.253,5.79248,5.79395,1.35,1.13
2013.03.18 11:42:58.828,5.79248,5.79395,1.35,1.88
2013.03.18 11:42:59.173,5.79248,5.79395,1.35,1.13
2013.03.18 11:42:59.491,5.79248,5.79378,1.35,2.18
2013.03.18 11:42:59.551,5.79241,5.79378,1.35,2.18
2013.03.18 11:43:02.172,5.79257,5.79395,1.73,1.13
2013.03.18 11:43:07.773,5.79248,5.79392,1.35,1.50
2013.03.18 11:43:08.143,5.79241,5.79384,1.35,1.73
2013.03.18 11:43:08.215,5.79241,5.79384,1.35,1.73
2013.03.18 11:43:10.972,5.79241,5.79373,1.35,1.50
2013.03.18 11:43:11.032,5.79232,5.79373,1.35,1.50
2013.03.18 11:43:13.412,5.79228,5.79389,1.73,1.73
2013.03.18 11:43:13.473,5.79297,5.79399,1.95,2.63
2013.03.18 11:43:13.662,5.79297,5.7943,1.95,2.10
2013.03.18 11:43:13.869,5.79286,5.7943,1.35,2.10
2013.03.18 11:43:15.742,5.79293,5.7943,2.93,2.10
2013.03.18 11:43:16.053,5.79314,5.7943,1.73,2.10
2013.03.18 11:43:16.669,5.79314,5.79467,1.73,1.73
2013.03.18 11:43:16.735,5.79337,5.79472,1.35,1.50
