2011.12.06 20:00:03.309,5.75177,5.75363,2.17,1.50
2011.12.06 20:00:03.434,5.75177,5.75355,2.17,1.50
2011.12.06 20:00:03.844,5.75147,5.75333,2.17,1.50
2011.12.06 20:00:04.209,5.75176,5.7536,2.17,1.50
2011.12.06 20:00:05.401,5.75204,5.7539,2.17,1.50
2011.12.06 20:00:05.870,5.75204,5.75382,2.17,2.25
2011.12.06 20:00:05.988,5.75204,5.7539,2.17,1.50
2011.12.06 20:00:09.760,5.75176,5.7536,2.17,1.50
2011.12.06 20:00:10.352,5.75176,5.75362,2.17,1.50
2011.12.06 20:00:40.426,5.75154,5.75308,2.17,1.50
2011.12.06 20:00:41.129,5.75152,5.75332,2.17,1.50
2011.12.06 20:00:41.246,5.75152,5.75338,2.17,1.50
2011.12.06 20:00:44.825,5.75152,5.75333,2.17,3.75
2011.12.06 20:00:44.957,5.75125,5.75309,2.17,1.50
2011.12.06 20:00:45.202,5.75098,5.75282,2.17,1.50
2011.12.06 20:00:45.565,5.75124,5.75308,2.17,1.50
2011.12.06 20:00:55.025,5.75124,5.75293,2.17,2.25
2011.12.06 20:00:55.154,5.75093,5.75279,2.17,1.50
2011.12.06 20:01:02.864,5.7512,5.75306,2.17,1.50
2011.12.06 20:01:03.353,5.75148,5.75332,1.50,2.25
2011.12.06 20:01:04.661,5.75148,5.75329,1.50,1.50
2011.12.06 20:01:05.001,5.75121,5.75307,2.17,1.50
2011.12.06 20:01:05.239,5.75153,5.75329,1.50,1.50
2011.12.06 20:01:05.358,5.75153,5.75339,1.50,1.50
2011.12.06 20:01:06.226,5.75164,5.75339,2.17,1.50
2011.12.06 20:01:06.353,5.75186,5.75372,2.17,1.50
2011.12.06 20:01:12.068,5.75213,5.75397,1.50,2.25
2011.12.06 20:01:12.192,5.75213,5.75397,1.50,1.50
2011.12.06 20:01:13.953,5.75182,5.75368,2.17,1.50
2011.12.06 20:01:14.818,5.75236,5.7539,1.50,1.50
2011.12.06 20:01:15.061,5.75236,5.75422,1.50,1.50
2011.12.06 20:01:38.359,5.75275,5.75444,1.50,1.59
2011.12.06 20:01:38.488,5.75275,5.75459,1.50,1.50
2011.12.06 20:01:38.615,5.75278,5.75459,2.25,1.50
2011.12.06 20:01:38.863,5.7531,5.75493,1.50,2.25
2011.12.06 20:01:39.245,5.7531,5.75483,1.50,2.25
2011.12.06 20:01:39.378,5.75283,5.75469,1.50,1.50
2011.12.06 20:01:44.068,5.75283,5.75453,1.50,2.25
2011.12.06 20:01:44.194,5.75261,5.75442,1.50,1.50
2011.12.06 20:01:44.324,5.75261,5.75423,1.50,2.25
2011.12.06 20:01:44.455,5.7523,5.75416,1.50,1.50
2011.12.06 20:02:00.377,5.75197,5.7537,2.25,1.50
2011.12.06 20:02:00.505,5.75187,5.7537,1.42,1.50
2011.12.06 20:02:00.631,5.75184,5.7537,2.17,1.50
2011.12.06 20:02:00.751,5.75184,5.7537,1.50,1.50
2011.12.06 20:02:01.422,5.75184,5.75362,1.50,2.25
2011.12.06 20:02:02.648,5.75155,5.75341,1.50,1.50
2011.12.06 20:02:08.432,5.75178,5.75341,2.92,1.50
2011.12.06 20:02:08.779,5.75212,5.75398,1.50,1.50
2011.12.06 20:02:09.246,5.75184,5.7537,1.50,1.50
2011.12.06 20:02:17.319,5.75184,5.75363,1.50,2.25
2011.12.06 20:02:17.683,5.75161,5.75342,2.17,1.50
2011.12.06 20:02:22.789,5.75186,5.75362,1.50,2.25
2011.12.06 20:02:23.023,5.75186,5.75372,1.50,1.50
2011.12.06 20:02:23.142,5.75186,5.75363,1.50,2.25
2011.12.06 20:02:23.264,5.75155,5.75339,1.50,1.59
2011.12.06 20:02:25.690,5.75155,5.75339,2.25,1.59
2011.12.06 20:02:25.808,5.75211,5.75395,1.50,1.50
2011.12.06 20:02:25.929,5.75211,5.75362,1.50,2.25
2011.12.06 20:02:26.158,5.75169,5.75353,1.50,1.50
2011.12.06 20:02:26.503,5.75169,5.75342,1.50,2.25
2011.12.06 20:02:27.469,5.75169,5.75353,1.50,1.50
2011.12.06 20:02:28.252,5.75186,5.75353,2.17,1.50
2011.12.06 20:02:28.381,5.75186,5.75359,1.50,1.50
2011.12.06 20:02:28.503,5.75173,5.75359,1.50,1.50
2011.12.06 20:02:29.131,5.75173,5.75342,1.50,2.25
2011.12.06 20:02:29.248,5.75173,5.75359,1.50,1.50
2011.12.06 20:02:30.340,5.75217,5.75401,1.50,1.50
2011.12.06 20:02:30.680,5.75185,5.75371,1.50,1.50
2011.12.06 20:02:32.677,5.75188,5.75371,2.25,1.50
2011.12.06 20:02:33.129,5.75188,5.75371,2.25,1.59
2011.12.06 20:02:33.248,5.75185,5.75371,1.50,1.59
2011.12.06 20:02:35.235,5.75185,5.75356,1.50,1.35
2011.12.06 20:02:35.364,5.75091,5.75275,1.50,1.59
2011.12.06 20:02:43.373,5.75091,5.75252,1.50,1.59
2011.12.06 20:02:43.495,5.75077,5.75229,2.25,1.50
2011.12.06 20:02:43.622,5.75045,5.75229,1.50,1.50
2011.12.06 20:02:45.701,5.7507,5.75252,1.50,3.84
2011.12.06 20:02:46.951,5.7507,5.75256,1.50,1.59
2011.12.06 20:02:48.360,5.75045,5.75229,1.50,1.50
2011.12.06 20:02:49.061,5.75047,5.75229,2.25,1.50
2011.12.06 20:02:49.411,5.7505,5.75229,1.50,1.50
2011.12.06 20:02:49.532,5.75073,5.75259,1.50,1.59
2011.12.06 20:02:50.199,5.75073,5.75259,1.50,1.59
2011.12.06 20:02:51.632,5.75048,5.75233,2.25,1.59
2011.12.06 20:02:52.912,5.75047,5.75233,1.50,1.59
2011.12.06 20:03:01.479,5.75047,5.75233,1.50,1.59
2011.12.06 20:03:06.103,5.75021,5.75205,1.50,1.50
2011.12.06 20:03:09.093,5.75028,5.75205,2.25,1.50
2011.12.06 20:03:09.442,5.75049,5.75235,1.50,1.59
2011.12.06 20:03:26.806,5.75076,5.7526,1.50,1.59
2011.12.06 20:03:33.787,5.75076,5.7526,1.50,1.59
2011.12.06 20:03:42.763,5.75077,5.7526,2.25,1.59
2011.12.06 20:03:42.890,5.75102,5.75284,1.50,1.59
2011.12.06 20:03:46.150,5.7513,5.75312,1.50,2.34
2011.12.06 20:03:47.135,5.7513,5.75303,1.50,2.34
2011.12.06 20:03:47.260,5.75099,5.75283,1.50,1.59
2011.12.06 20:03:51.883,5.75126,5.75307,1.50,1.59
2011.12.06 20:03:54.582,5.75126,5.7531,1.50,1.50
2011.12.06 20:03:55.081,5.75126,5.7531,1.50,1.59
2011.12.06 20:04:01.002,5.75126,5.7529,1.50,1.50
2011.12.06 20:04:01.239,5.75082,5.75266,1.50,1.50
2011.12.06 20:04:02.123,5.75116,5.753,1.50,1.59
2011.12.06 20:04:05.005,5.75089,5.75275,1.50,1.59
2011.12.06 20:04:05.371,5.75117,5.75298,1.50,1.59
2011.12.06 20:04:08.227,5.7509,5.75274,1.50,1.59
2011.12.06 20:04:37.812,5.7509,5.75274,1.50,1.59
2011.12.06 20:04:44.238,5.7509,5.75274,1.50,1.59
2011.12.06 20:04:46.703,5.75116,5.75298,1.50,1.59
2011.12.06 20:04:47.180,5.7509,5.75274,1.50,1.59
2011.12.06 20:04:50.735,5.75116,5.75302,1.50,1.59
2011.12.06 20:04:51.104,5.75143,5.75322,1.50,2.34
2011.12.06 20:04:51.340,5.75116,5.75302,1.50,1.59
2011.12.06 20:05:03.893,5.75144,5.75328,1.50,1.59
2011.12.06 20:05:04.624,5.75116,5.753,1.50,1.59
2011.12.06 20:05:06.062,5.75144,5.7533,1.50,1.59
2011.12.06 20:05:12.268,5.75118,5.75302,1.50,1.59
2011.12.06 20:05:16.485,5.75094,5.75275,1.50,1.50
2011.12.06 20:05:16.614,5.75091,5.75275,1.50,1.50
2011.12.06 20:05:18.880,5.75122,5.75308,1.50,1.59
2011.12.06 20:05:36.487,5.75097,5.75282,2.25,1.50
2011.12.06 20:05:36.942,5.75124,5.75304,1.50,1.59
2011.12.06 20:05:44.811,5.75151,5.75331,1.50,1.59
2011.12.06 20:05:49.583,5.75179,5.75365,1.50,1.59
2011.12.06 20:05:53.936,5.75213,5.75388,1.50,1.59
2011.12.06 20:05:54.454,5.75213,5.75397,1.50,1.59
2011.12.06 20:05:56.170,5.75181,5.75365,1.50,1.50
2011.12.06 20:05:59.004,5.75212,5.75398,1.50,1.59
2011.12.06 20:06:04.982,5.75184,5.75368,1.50,1.50
2011.12.06 20:06:06.430,5.75184,5.75368,1.50,1.59
2011.12.06 20:06:06.551,5.75155,5.75339,1.50,1.50
2011.12.06 20:06:08.712,5.7518,5.75366,1.50,1.59
2011.12.06 20:06:11.373,5.75207,5.75383,1.50,2.34
2011.12.06 20:06:11.918,5.75207,5.75391,1.50,1.59
2011.12.06 20:06:14.186,5.75184,5.75364,1.50,1.59
2011.12.06 20:06:14.697,5.75178,5.75364,1.50,1.59
2011.12.06 20:06:20.360,5.75188,5.75364,2.25,1.59
2011.12.06 20:06:21.049,5.75178,5.75364,3.75,1.59
2011.12.06 20:06:21.281,5.75188,5.75364,2.25,1.59
2011.12.06 20:06:21.400,5.75178,5.75364,1.50,1.59
2011.12.06 20:06:46.499,5.75178,5.75364,1.50,2.34
2011.12.06 20:06:46.730,5.75105,5.75286,1.50,1.50
2011.12.06 20:06:47.180,5.75148,5.75289,2.25,1.50
2011.12.06 20:06:47.595,5.75174,5.7536,1.50,2.25
2011.12.06 20:06:47.980,5.75174,5.7536,1.50,1.50
2011.12.06 20:07:15.116,5.75178,5.7536,1.50,1.50
2011.12.06 20:07:15.634,5.75201,5.75387,1.50,1.50
2011.12.06 20:08:10.583,5.75232,5.75418,1.50,1.50
2011.12.06 20:08:14.963,5.75261,5.75445,1.50,1.50
2011.12.06 20:08:16.723,5.75261,5.75445,1.50,2.25
2011.12.06 20:08:16.844,5.7523,5.75416,1.50,1.50
2011.12.06 20:08:21.567,5.75289,5.7547,1.50,1.50
2011.12.06 20:08:21.691,5.75261,5.75445,1.50,1.50
2011.12.06 20:08:22.954,5.75261,5.75445,1.50,3.00
2011.12.06 20:08:23.312,5.75216,5.75402,1.50,1.50
2011.12.06 20:08:32.581,5.75218,5.75402,2.25,1.50
2011.12.06 20:08:32.702,5.75216,5.75402,1.50,1.50
2011.12.06 20:08:36.864,5.75217,5.75402,2.25,1.50
2011.12.06 20:08:38.089,5.75216,5.75402,1.50,1.50
2011.12.06 20:08:38.481,5.75216,5.75393,1.50,2.25
2011.12.06 20:08:38.599,5.75189,5.75375,1.50,1.50
2011.12.06 20:08:43.734,5.75198,5.75375,2.25,1.50
2011.12.06 20:08:44.459,5.75189,5.75375,1.50,1.50
2011.12.06 20:08:47.872,5.75215,5.75401,1.50,1.50
2011.12.06 20:08:59.106,5.75218,5.75401,2.25,1.50
2011.12.06 20:08:59.232,5.75215,5.75401,1.50,1.50
2011.12.06 20:09:14.815,5.75215,5.75393,1.50,2.25
2011.12.06 20:09:14.948,5.75161,5.75347,1.50,1.50
2011.12.06 20:09:22.231,5.75161,5.7534,1.50,1.50
2011.12.06 20:09:22.518,5.75159,5.75345,1.50,1.50
2011.12.06 20:09:28.490,5.75136,5.75319,1.50,1.50
2011.12.06 20:09:28.643,5.75133,5.75319,1.50,1.50
2011.12.06 20:09:29.094,5.75161,5.75347,1.50,1.50
2011.12.06 20:09:30.956,5.75161,5.75344,1.50,1.50
2011.12.06 20:09:31.080,5.75136,5.7532,1.50,1.50
2011.12.06 20:09:31.314,5.75164,5.75344,1.50,1.50
2011.12.06 20:09:31.431,5.75164,5.7535,1.50,1.50
2011.12.06 20:09:35.340,5.75138,5.75322,1.50,1.50
2011.12.06 20:09:38.544,5.75167,5.75351,1.50,1.50
2011.12.06 20:09:46.744,5.75167,5.75351,1.50,2.25
2011.12.06 20:09:48.236,5.75167,5.75351,1.50,1.50
2011.12.06 20:09:52.680,5.75138,5.75322,1.50,1.50
2011.12.06 20:09:56.453,5.75138,5.75322,1.50,2.25
2011.12.06 20:09:57.027,5.75108,5.75294,1.50,1.50
2011.12.06 20:10:03.390,5.75108,5.75288,1.50,1.50
2011.12.06 20:10:03.509,5.75081,5.75265,2.25,1.50
2011.12.06 20:10:04.627,5.75107,5.75293,1.50,1.50
2011.12.06 20:10:19.130,5.75111,5.75293,1.50,1.50
2011.12.06 20:10:19.602,5.75133,5.75319,1.50,2.25
2011.12.06 20:10:26.470,5.75133,5.75319,1.50,1.50
2011.12.06 20:10:28.625,5.75133,5.75319,1.50,2.25
2011.12.06 20:10:31.645,5.75133,5.75312,1.50,3.00
2011.12.06 20:10:32.144,5.75106,5.7529,1.50,1.50
2011.12.06 20:10:32.323,5.75131,5.75312,1.50,3.00
2011.12.06 20:10:38.371,5.75131,5.7531,1.50,2.25
2011.12.06 20:10:38.498,5.75102,5.75286,1.50,1.50
2011.12.06 20:10:39.358,5.75102,5.75286,1.50,2.25
2011.12.06 20:10:39.486,5.75074,5.75258,1.50,1.50
2011.12.06 20:10:43.950,5.75074,5.75258,1.50,2.25
2011.12.06 20:10:50.358,5.75074,5.75258,1.50,1.50
2011.12.06 20:10:54.501,5.7508,5.75258,1.50,1.50
2011.12.06 20:10:54.746,5.75107,5.75288,1.50,1.50
2011.12.06 20:10:55.142,5.7513,5.75316,1.50,2.25
2011.12.06 20:10:58.908,5.7513,5.75305,1.50,1.50
2011.12.06 20:10:59.600,5.75107,5.75288,1.50,1.50
2011.12.06 20:10:59.718,5.75102,5.75288,1.50,1.50
2011.12.06 20:11:02.503,5.75102,5.75288,1.50,2.25
2011.12.06 20:11:07.504,5.75102,5.75288,1.50,1.59
2011.12.06 20:11:07.743,5.75102,5.75283,1.50,3.09
2011.12.06 20:11:09.371,5.75102,5.75274,1.50,1.50
2011.12.06 20:11:09.491,5.75074,5.75258,1.50,1.50
2011.12.06 20:11:10.323,5.75074,5.75258,1.50,2.25
2011.12.06 20:11:29.272,5.75074,5.75258,1.50,1.50
2011.12.06 20:11:30.521,5.75074,5.75258,1.50,2.25
2011.12.06 20:11:36.042,5.75074,5.75258,1.50,1.50
2011.12.06 20:11:49.180,5.75074,5.75258,1.50,2.25
2011.12.06 20:11:58.029,5.75074,5.75258,1.50,1.50
2011.12.06 20:12:09.429,5.75057,5.75282,2.25,2.25
2011.12.06 20:12:13.030,5.75057,5.75293,3.00,2.25
2011.12.06 20:12:13.156,5.75102,5.75288,1.50,1.50
2011.12.06 20:12:14.890,5.75102,5.75288,1.50,2.25
2011.12.06 20:12:15.468,5.75102,5.75288,1.50,1.50
2011.12.06 20:12:36.386,5.7513,5.75313,1.50,3.00
2011.12.06 20:12:45.523,5.7513,5.75314,1.50,1.50
2011.12.06 20:13:07.057,5.7513,5.75306,1.50,1.50
2011.12.06 20:13:07.185,5.75099,5.75283,1.50,1.50
2011.12.06 20:13:07.429,5.75077,5.75255,3.00,1.50
2011.12.06 20:13:07.554,5.75071,5.75255,1.50,1.50
2011.12.06 20:13:07.678,5.75078,5.75255,2.25,1.50
2011.12.06 20:13:09.113,5.75088,5.75255,2.25,1.50
2011.12.06 20:13:10.483,5.75071,5.75255,1.50,1.50
2011.12.06 20:13:35.469,5.75071,5.75223,1.50,2.25
2011.12.06 20:13:35.590,5.7503,5.75216,1.50,1.50
2011.12.06 20:13:53.691,5.7503,5.75216,1.50,1.59
2011.12.06 20:13:54.082,5.74999,5.75183,1.67,2.25
2011.12.06 20:13:54.310,5.74999,5.75185,1.67,1.50
2011.12.06 20:13:54.989,5.74963,5.75149,2.84,1.50
2011.12.06 20:13:56.166,5.74991,5.75177,1.85,1.59
2011.12.06 20:13:56.648,5.74956,5.7514,2.09,1.50
2011.12.06 20:13:57.001,5.74981,5.75163,2.00,2.34
2011.12.06 20:13:59.306,5.74981,5.75153,2.00,2.25
2011.12.06 20:13:59.545,5.74981,5.75167,2.00,1.59
2011.12.06 20:13:59.783,5.74981,5.75153,2.00,2.25
2011.12.06 20:13:59.901,5.74981,5.75163,2.00,2.34
2011.12.06 20:14:00.021,5.74981,5.75152,2.00,2.25
2011.12.06 20:14:00.664,5.74981,5.75162,2.00,2.34
2011.12.06 20:14:01.004,5.74981,5.75153,2.00,2.25
2011.12.06 20:14:01.440,5.74981,5.75167,2.00,1.50
2011.12.06 20:14:16.712,5.74948,5.75132,2.84,1.50
2011.12.06 20:14:19.156,5.74973,5.75154,2.09,1.59
2011.12.06 20:14:19.780,5.74946,5.7513,2.09,1.50
2011.12.06 20:14:20.526,5.74973,5.75152,2.09,2.34
2011.12.06 20:14:20.654,5.74973,5.75152,2.09,2.25
2011.12.06 20:14:20.772,5.74973,5.75157,2.09,1.50
2011.12.06 20:14:22.212,5.74973,5.75152,2.09,2.25
2011.12.06 20:14:25.539,5.74973,5.75153,2.09,2.25
2011.12.06 20:14:33.031,5.74973,5.75157,2.09,1.50
2011.12.06 20:14:33.169,5.75002,5.75183,1.67,2.34
2011.12.06 20:14:38.254,5.74975,5.75161,2.00,1.50
2011.12.06 20:14:46.608,5.75004,5.75182,1.67,2.34
2011.12.06 20:14:46.734,5.75004,5.7519,1.67,1.50
2011.12.06 20:14:47.083,5.75031,5.75212,1.50,2.34
2011.12.06 20:14:48.342,5.75,5.75186,1.67,1.50
2011.12.06 20:14:57.152,5.75,5.75186,1.67,1.59
2011.12.06 20:14:57.500,5.74966,5.7515,2.09,1.50
2011.12.06 20:15:00.592,5.74995,5.75179,1.67,1.59
2011.12.06 20:15:03.836,5.74995,5.75179,1.67,1.50
2011.12.06 20:15:20.775,5.75026,5.75212,1.50,1.59
2011.12.06 20:15:29.486,5.75,5.75179,1.67,1.50
2011.12.06 20:15:29.606,5.74977,5.75157,2.75,1.50
2011.12.06 20:15:31.326,5.75005,5.75189,1.57,1.59
2011.12.06 20:15:44.797,5.74981,5.75144,2.00,1.50
2011.12.06 20:15:47.202,5.74958,5.75142,2.09,2.34
2011.12.06 20:15:54.904,5.7493,5.75116,2.09,1.50
2011.12.06 20:15:56.653,5.7493,5.75113,2.09,2.25
2011.12.06 20:16:05.645,5.7493,5.75111,2.09,1.50
2011.12.06 20:16:05.766,5.7493,5.7508,1.50,1.50
2011.12.06 20:16:05.895,5.74873,5.75057,1.50,1.50
2011.12.06 20:16:08.717,5.74835,5.75021,1.50,1.50
2011.12.06 20:16:09.700,5.74808,5.74994,1.50,1.50
2011.12.06 20:16:14.727,5.74847,5.75033,1.50,1.59
2011.12.06 20:16:15.073,5.74818,5.75002,1.50,1.50
2011.12.06 20:16:16.438,5.74808,5.74975,2.25,1.50
2011.12.06 20:16:16.564,5.74789,5.74975,1.50,1.50
2011.12.06 20:16:17.011,5.74816,5.74998,1.50,1.50
2011.12.06 20:16:17.390,5.74816,5.75,1.50,1.50
2011.12.06 20:16:17.619,5.74816,5.75,1.50,1.59
2011.12.06 20:16:18.960,5.74816,5.74992,1.50,2.25
2011.12.06 20:16:19.533,5.74816,5.75,1.50,1.59
2011.12.06 20:16:21.096,5.7479,5.74974,1.50,1.50
2011.12.06 20:16:21.347,5.74754,5.74938,1.50,1.50
2011.12.06 20:16:21.697,5.7473,5.74913,1.50,1.50
2011.12.06 20:16:21.829,5.74727,5.74913,1.50,1.50
2011.12.06 20:16:22.971,5.74757,5.74943,1.50,1.50
2011.12.06 20:16:24.536,5.74785,5.74963,1.50,2.34
2011.12.06 20:16:26.165,5.74785,5.74969,1.50,1.50
2011.12.06 20:16:46.462,5.74787,5.74969,1.50,1.50
2011.12.06 20:16:46.853,5.7481,5.74996,1.50,1.59
2011.12.06 20:16:56.874,5.74814,5.74996,1.50,1.59
2011.12.06 20:16:57.224,5.74837,5.75021,1.50,1.59
2011.12.06 20:16:57.514,5.74814,5.74993,1.50,1.50
2011.12.06 20:16:57.640,5.74809,5.74993,1.50,1.50
2011.12.06 20:17:03.541,5.74809,5.74993,1.50,1.59
2011.12.06 20:17:12.083,5.74837,5.75022,1.50,2.25
2011.12.06 20:17:12.672,5.74837,5.75023,1.50,1.50
2011.12.06 20:17:16.033,5.74811,5.74997,1.50,1.50
2011.12.06 20:17:16.375,5.74818,5.74997,2.25,1.50
2011.12.06 20:17:16.614,5.74811,5.74997,1.50,1.50
2011.12.06 20:17:16.730,5.74817,5.74997,2.25,1.50
2011.12.06 20:17:17.290,5.74818,5.74997,2.25,1.50
2011.12.06 20:17:17.411,5.74811,5.74997,1.50,1.50
2011.12.06 20:17:21.081,5.74817,5.74997,2.25,1.50
2011.12.06 20:17:21.660,5.74818,5.74997,2.25,1.50
2011.12.06 20:17:22.111,5.74811,5.74997,1.50,1.50
2011.12.06 20:17:22.341,5.74817,5.74997,2.25,1.50
2011.12.06 20:17:22.463,5.74811,5.74997,1.50,1.50
2011.12.06 20:17:26.213,5.74818,5.74997,2.25,1.50
2011.12.06 20:17:26.443,5.74811,5.74997,1.50,1.50
2011.12.06 20:17:26.802,5.74817,5.74997,2.25,1.50
2011.12.06 20:17:26.921,5.74811,5.74997,1.50,1.50
2011.12.06 20:17:27.150,5.74818,5.74997,2.25,1.50
2011.12.06 20:17:27.269,5.74811,5.74997,1.50,1.50
2011.12.06 20:17:28.702,5.74892,5.75073,1.50,1.59
2011.12.06 20:17:28.836,5.74915,5.75099,1.50,1.59
2011.12.06 20:17:29.932,5.74888,5.75074,1.50,1.59
2011.12.06 20:17:31.193,5.74915,5.75097,1.50,1.50
2011.12.06 20:17:31.604,5.74941,5.75103,1.50,2.25
2011.12.06 20:17:31.731,5.74941,5.75127,1.50,1.50
2011.12.06 20:17:37.125,5.74974,5.75158,1.50,1.50
2011.12.06 20:17:37.492,5.74946,5.75132,1.50,1.50
2011.12.06 20:17:39.472,5.74947,5.75132,2.25,1.50
2011.12.06 20:17:39.595,5.74975,5.75159,1.50,1.59
2011.12.06 20:17:39.714,5.74952,5.75134,1.50,1.50
2011.12.06 20:17:39.832,5.74948,5.75134,1.50,1.50
2011.12.06 20:17:43.232,5.74923,5.75107,1.50,1.50
2011.12.06 20:17:45.755,5.74958,5.75144,1.50,1.59
2011.12.06 20:17:45.993,5.74958,5.75144,1.50,1.50
2011.12.06 20:17:48.178,5.74958,5.75144,1.50,1.59
2011.12.06 20:17:49.377,5.74989,5.75167,1.50,1.50
2011.12.06 20:17:49.503,5.74989,5.75175,1.50,1.50
2011.12.06 20:17:57.520,5.75015,5.75197,1.50,1.59
2011.12.06 20:17:59.864,5.75015,5.75201,1.50,1.50
2011.12.06 20:18:05.393,5.7499,5.75174,1.50,1.50
2011.12.06 20:18:28.770,5.7499,5.75172,1.50,2.25
2011.12.06 20:18:29.121,5.7499,5.75174,1.50,1.59
2011.12.06 20:18:38.572,5.75017,5.75202,1.50,2.34
2011.12.06 20:18:38.694,5.75017,5.75203,1.50,1.59
2011.12.06 20:18:41.991,5.75043,5.75229,1.50,1.59
2011.12.06 20:18:43.574,5.75043,5.75229,1.50,1.50
2011.12.06 20:18:43.703,5.75047,5.75229,2.25,1.50
2011.12.06 20:18:43.826,5.75069,5.75255,1.50,1.50
2011.12.06 20:18:48.460,5.75096,5.75278,1.50,1.59
2011.12.06 20:18:49.179,5.75059,5.75243,1.50,1.50
2011.12.06 20:19:00.456,5.75059,5.75238,1.50,1.50
2011.12.06 20:19:00.585,5.7503,5.75216,1.50,1.50
2011.12.06 20:19:02.124,5.75038,5.75216,2.25,1.50
2011.12.06 20:19:02.246,5.7503,5.75216,1.50,1.50
2011.12.06 20:19:02.364,5.75037,5.75216,2.25,1.50
2011.12.06 20:19:02.483,5.7503,5.75216,1.50,1.50
2011.12.06 20:19:44.020,5.75059,5.75238,1.50,1.50
2011.12.06 20:19:44.150,5.75059,5.75243,1.50,1.50
2011.12.06 20:19:54.164,5.75066,5.75243,1.50,1.50
2011.12.06 20:19:54.283,5.75088,5.75274,1.50,1.50
2011.12.06 20:20:04.316,5.75092,5.75274,1.50,1.50
2011.12.06 20:20:04.663,5.75115,5.75301,1.50,1.59
2011.12.06 20:20:05.291,5.75143,5.75313,1.50,2.34
2011.12.06 20:20:05.800,5.75119,5.75301,1.50,1.59
2011.12.06 20:20:05.931,5.75117,5.75301,1.50,1.59
2011.12.06 20:20:08.915,5.75117,5.75301,1.50,1.50
2011.12.06 20:20:09.706,5.75146,5.7533,1.50,1.59
2011.12.06 20:20:10.594,5.75146,5.7533,1.50,1.50
2011.12.06 20:20:12.629,5.75146,5.75328,1.50,1.50
2011.12.06 20:20:12.768,5.7512,5.75304,1.50,1.50
2011.12.06 20:20:12.888,5.75107,5.75277,2.25,1.50
2011.12.06 20:20:13.251,5.75067,5.75251,2.25,1.50
2011.12.06 20:20:14.158,5.75068,5.75251,2.25,1.50
2011.12.06 20:20:14.393,5.75092,5.75276,1.50,1.50
2011.12.06 20:20:17.900,5.7512,5.75306,1.50,1.50
2011.12.06 20:20:18.027,5.75154,5.75332,1.50,2.34
2011.12.06 20:20:18.149,5.75154,5.75338,1.50,1.59
2011.12.06 20:20:26.056,5.75128,5.75311,2.25,1.50
2011.12.06 20:20:26.174,5.75137,5.75311,2.25,1.50
2011.12.06 20:20:26.293,5.75128,5.75311,2.25,1.50
2011.12.06 20:20:26.415,5.75138,5.75311,2.25,1.50
2011.12.06 20:20:26.534,5.75127,5.75311,3.75,1.50
2011.12.06 20:20:27.283,5.75101,5.75285,1.50,1.50
2011.12.06 20:20:28.882,5.75108,5.75285,2.25,1.50
2011.12.06 20:20:30.514,5.75127,5.75308,3.75,1.50
2011.12.06 20:20:30.662,5.75127,5.75311,1.50,1.50
2011.12.06 20:20:42.849,5.75159,5.75345,1.50,1.59
2011.12.06 20:20:52.912,5.75159,5.75345,1.50,1.50
2011.12.06 20:21:06.906,5.75185,5.75371,1.50,1.50
2011.12.06 20:21:10.084,5.75158,5.75341,2.25,1.50
2011.12.06 20:21:10.316,5.75155,5.75341,1.50,1.50
2011.12.06 20:21:22.067,5.75163,5.75341,1.50,1.50
2011.12.06 20:21:22.187,5.7519,5.7537,1.50,1.50
2011.12.06 20:21:22.308,5.75213,5.75397,1.50,1.59
2011.12.06 20:21:24.964,5.75183,5.75369,1.50,1.50
2011.12.06 20:21:34.927,5.75157,5.75333,2.25,1.50
2011.12.06 20:21:35.278,5.75168,5.75333,2.25,1.50
2011.12.06 20:21:35.400,5.75183,5.75367,1.50,1.50
2011.12.06 20:21:47.415,5.75187,5.75367,2.25,1.50
2011.12.06 20:21:49.020,5.75212,5.7539,1.50,1.59
2011.12.06 20:21:49.152,5.75212,5.75396,1.50,1.50
2011.12.06 20:21:49.391,5.75217,5.75396,2.25,1.50
2011.12.06 20:21:50.005,5.7524,5.75426,1.50,1.59
2011.12.06 20:21:59.622,5.7524,5.75426,1.50,1.50
2011.12.06 20:22:09.260,5.75276,5.7546,1.50,1.50
2011.12.06 20:22:14.601,5.75247,5.75433,1.50,1.50
2011.12.06 20:22:29.863,5.75247,5.75426,1.50,1.50
2011.12.06 20:22:30.002,5.7518,5.75366,1.50,1.50
2011.12.06 20:22:32.381,5.75207,5.75391,1.50,1.50
2011.12.06 20:22:44.859,5.75188,5.75361,2.25,1.50
2011.12.06 20:22:44.974,5.75178,5.75361,2.25,1.50
2011.12.06 20:23:00.715,5.75211,5.75395,1.50,1.50
2011.12.06 20:23:01.175,5.75218,5.75395,2.25,1.50
2011.12.06 20:23:02.375,5.75211,5.75395,1.50,1.50
2011.12.06 20:23:24.964,5.75218,5.75395,2.25,1.50
2011.12.06 20:23:25.086,5.75236,5.75422,1.50,1.50
2011.12.06 20:23:28.446,5.75218,5.75395,2.25,1.50
2011.12.06 20:23:28.563,5.75211,5.75395,1.50,1.50
2011.12.06 20:23:33.474,5.75218,5.75395,2.25,1.50
2011.12.06 20:23:51.432,5.75236,5.75419,1.50,1.50
2011.12.06 20:23:51.552,5.75236,5.75422,1.50,1.50
2011.12.06 20:24:02.068,5.75206,5.75392,1.50,1.50
2011.12.06 20:24:39.657,5.75233,5.75417,1.50,1.50
2011.12.06 20:25:04.025,5.75207,5.75391,3.75,1.50
2011.12.06 20:25:10.041,5.7518,5.75366,1.50,1.50
2011.12.06 20:25:10.169,5.75187,5.75366,2.25,1.50
2011.12.06 20:25:11.715,5.7518,5.75366,1.50,1.50
2011.12.06 20:25:37.724,5.7518,5.75366,1.50,1.59
2011.12.06 20:25:37.957,5.75157,5.75339,1.50,1.50
2011.12.06 20:25:38.201,5.75153,5.75339,1.50,1.50
2011.12.06 20:25:38.450,5.75153,5.75339,1.50,2.25
2011.12.06 20:25:38.803,5.75153,5.75339,1.50,1.50
2011.12.06 20:25:44.988,5.75153,5.75334,1.50,1.50
2011.12.06 20:25:45.308,5.75128,5.75311,2.25,1.50
2011.12.06 20:25:45.444,5.75125,5.75311,1.50,1.50
2011.12.06 20:25:46.205,5.75125,5.75311,1.50,2.25
2011.12.06 20:26:00.659,5.75088,5.75272,1.50,1.50
2011.12.06 20:26:01.359,5.75088,5.75272,1.50,2.25
2011.12.06 20:26:02.839,5.75088,5.75272,1.50,1.50
2011.12.06 20:26:03.065,5.75088,5.75272,1.50,2.25
2011.12.06 20:26:04.312,5.75064,5.75246,1.50,1.50
2011.12.06 20:26:04.433,5.75062,5.75246,1.50,1.50
2011.12.06 20:26:05.895,5.75062,5.75246,1.50,2.25
2011.12.06 20:26:09.280,5.75037,5.75221,2.29,1.50
2011.12.06 20:26:09.408,5.75035,5.75221,1.54,2.25
2011.12.06 20:26:14.556,5.75035,5.75221,1.54,1.50
2011.12.06 20:26:14.675,5.75062,5.75248,1.50,1.50
2011.12.06 20:26:14.795,5.75062,5.75248,1.50,2.25
2011.12.06 20:26:15.358,5.75062,5.75248,1.50,1.50
2011.12.06 20:26:16.094,5.7509,5.75276,1.50,2.34
2011.12.06 20:26:16.748,5.75047,5.75217,2.25,1.50
2011.12.06 20:26:16.874,5.75031,5.75217,1.54,2.25
2011.12.06 20:26:23.034,5.75031,5.75217,1.54,2.25
2011.12.06 20:26:26.915,5.75067,5.75252,1.50,2.34
2011.12.06 20:26:28.120,5.75094,5.75272,1.50,2.34
2011.12.06 20:26:28.367,5.75094,5.75278,1.50,2.25
2011.12.06 20:26:28.715,5.75094,5.75278,1.50,1.50
2011.12.06 20:26:30.486,5.75094,5.75278,1.50,2.25
2011.12.06 20:26:30.607,5.75067,5.75253,3.75,1.50
2011.12.06 20:26:32.744,5.75067,5.75253,1.50,2.34
2011.12.06 20:26:33.944,5.75042,5.75226,1.50,1.50
2011.12.06 20:26:37.289,5.75071,5.75255,1.50,1.59
2011.12.06 20:26:37.405,5.75071,5.75255,1.50,1.50
2011.12.06 20:26:39.699,5.75097,5.75279,1.50,2.34
2011.12.06 20:26:40.036,5.75097,5.75283,1.50,1.50
2011.12.06 20:26:40.285,5.75124,5.75308,1.50,2.25
2011.12.06 20:26:41.428,5.75124,5.75299,1.50,1.59
2011.12.06 20:26:41.545,5.75091,5.75275,1.50,1.50
2011.12.06 20:26:45.177,5.75094,5.75275,1.50,1.50
2011.12.06 20:26:45.296,5.75117,5.75303,1.50,1.50
2011.12.06 20:26:47.991,5.75144,5.75326,1.50,1.59
2011.12.06 20:26:48.357,5.75173,5.75357,1.50,1.59
2011.12.06 20:26:51.391,5.752,5.7538,1.50,1.59
2011.12.06 20:26:54.737,5.75229,5.75415,1.50,1.50
2011.12.06 20:27:05.046,5.7526,5.75446,1.50,1.59
2011.12.06 20:27:05.605,5.7526,5.75446,1.50,1.50
2011.12.06 20:27:09.284,5.75235,5.75419,1.50,1.50
2011.12.06 20:27:13.296,5.75238,5.75419,2.25,1.50
2011.12.06 20:27:13.641,5.75263,5.75443,1.50,1.50
2011.12.06 20:27:13.984,5.75268,5.75447,2.25,1.50
2011.12.06 20:27:14.524,5.75295,5.75479,1.50,1.59
2011.12.06 20:27:14.652,5.75295,5.75479,1.50,1.50
2011.12.06 20:27:27.257,5.75295,5.75479,1.50,2.25
2011.12.06 20:27:27.486,5.75271,5.75451,1.50,1.50
2011.12.06 20:27:27.608,5.75268,5.75451,2.25,1.50
2011.12.06 20:27:28.997,5.75265,5.75451,1.50,1.50
2011.12.06 20:27:41.304,5.75268,5.75451,2.25,1.50
2011.12.06 20:27:41.648,5.75265,5.75451,1.50,1.50
2011.12.06 20:27:41.876,5.75268,5.75451,2.25,1.50
2011.12.06 20:27:42.106,5.75265,5.75451,1.50,1.50
2011.12.06 20:27:48.717,5.75325,5.75496,1.50,1.36
2011.12.06 20:27:49.177,5.75297,5.75481,1.50,1.50
2011.12.06 20:27:49.524,5.75273,5.75454,1.50,1.50
2011.12.06 20:27:49.644,5.75268,5.75454,1.50,1.50
2011.12.06 20:28:18.255,5.75257,5.75427,2.25,1.50
2011.12.06 20:28:18.374,5.75248,5.75427,2.25,1.50
2011.12.06 20:28:22.632,5.75258,5.75427,2.25,1.50
2011.12.06 20:28:22.756,5.7527,5.75451,1.50,1.50
2011.12.06 20:28:23.104,5.7527,5.75456,1.50,1.50
2011.12.06 20:28:24.803,5.75258,5.7543,2.25,1.50
2011.12.06 20:28:24.923,5.75247,5.7543,2.25,1.50
2011.12.06 20:28:27.288,5.75244,5.7543,1.50,1.50
2011.12.06 20:28:34.960,5.75274,5.75453,1.50,1.59
2011.12.06 20:28:35.321,5.75274,5.75453,1.50,1.50
2011.12.06 20:28:35.448,5.75274,5.7546,1.50,1.50
2011.12.06 20:28:36.478,5.75252,5.75425,1.50,1.50
2011.12.06 20:28:36.596,5.75239,5.75425,1.50,1.50
2011.12.06 20:28:44.235,5.75218,5.7539,2.25,1.50
2011.12.06 20:28:44.576,5.75183,5.75367,1.66,1.50
2011.12.06 20:28:45.170,5.7521,5.75394,1.50,1.50
2011.12.06 20:28:55.697,5.75236,5.75418,1.50,1.50
2011.12.06 20:28:55.814,5.75236,5.75422,1.50,1.59
2011.12.06 20:29:08.043,5.75211,5.75395,1.50,1.50
2011.12.06 20:29:09.694,5.75218,5.75395,2.25,1.50
2011.12.06 20:29:11.557,5.75239,5.75425,1.50,1.50
2011.12.06 20:29:13.883,5.75268,5.75448,1.50,1.50
2011.12.06 20:29:14.313,5.75268,5.75454,1.50,1.50
2011.12.06 20:29:18.682,5.75248,5.75428,2.25,1.50
2011.12.06 20:29:18.809,5.75242,5.75428,1.50,1.50
2011.12.06 20:29:19.048,5.75271,5.75457,1.50,1.50
2011.12.06 20:29:26.297,5.75271,5.75457,1.50,2.25
2011.12.06 20:29:28.837,5.75271,5.75457,1.50,1.50
2011.12.06 20:29:30.997,5.75271,5.75457,1.50,2.25
2011.12.06 20:29:31.238,5.75245,5.75431,1.50,1.50
2011.12.06 20:29:34.325,5.75257,5.75431,2.25,1.50
2011.12.06 20:29:34.447,5.75272,5.75458,1.50,1.50
2011.12.06 20:29:49.494,5.75303,5.75487,1.50,2.25
2011.12.06 20:29:49.616,5.75303,5.75487,1.50,1.50
2011.12.06 20:29:56.403,5.75263,5.75447,1.50,1.50
2011.12.06 20:29:56.913,5.75267,5.75447,2.25,1.50
2011.12.06 20:29:58.843,5.7529,5.75474,1.50,1.50
2011.12.06 20:30:02.672,5.75267,5.75446,2.25,1.50
2011.12.06 20:30:02.798,5.75262,5.75446,1.50,1.50
2011.12.06 20:30:04.088,5.75262,5.75446,2.25,1.50
2011.12.06 20:30:04.436,5.7542,5.75473,1.50,2.25
2011.12.06 20:30:04.553,5.7542,5.75505,1.50,1.99
2011.12.06 20:30:05.547,5.75427,5.75505,2.25,1.99
2011.12.06 20:30:06.772,5.75439,5.75505,1.50,1.99
2011.12.06 20:30:07.306,5.75427,5.75505,2.25,1.99
2011.12.06 20:30:07.536,5.75427,5.75525,2.25,2.02
2011.12.06 20:30:07.654,5.75447,5.75613,2.25,1.32
2011.12.06 20:30:08.327,5.75438,5.75613,2.25,1.32
2011.12.06 20:30:08.663,5.75428,5.75613,2.25,1.32
2011.12.06 20:30:09.077,5.75432,5.75613,1.50,1.32
2011.12.06 20:30:14.765,5.75432,5.75618,1.50,1.50
2011.12.06 20:30:16.333,5.75437,5.75618,2.25,1.50
2011.12.06 20:30:16.456,5.75432,5.75618,1.50,1.50
2011.12.06 20:30:27.434,5.75432,5.75617,1.50,1.50
2011.12.06 20:30:28.295,5.75432,5.75618,1.50,2.25
2011.12.06 20:30:31.844,5.75432,5.75618,1.50,1.50
2011.12.06 20:30:34.560,5.75432,5.75618,1.50,2.34
2011.12.06 20:30:34.836,5.75409,5.75592,1.50,1.59
2011.12.06 20:30:34.960,5.75406,5.75592,1.50,1.59
2011.12.06 20:30:38.848,5.75406,5.75592,1.50,2.34
2011.12.06 20:30:39.090,5.75368,5.75552,1.50,1.50
2011.12.06 20:30:54.231,5.75394,5.7558,1.50,1.50
2011.12.06 20:31:09.447,5.75401,5.7558,1.50,1.50
2011.12.06 20:31:09.570,5.75423,5.75609,1.50,1.50
2011.12.06 20:31:15.047,5.75449,5.75632,1.50,1.10
2011.12.06 20:31:15.396,5.75422,5.75606,1.50,1.50
2011.12.06 20:31:20.804,5.75422,5.75603,1.50,1.50
2011.12.06 20:31:20.932,5.75394,5.7558,1.50,1.50
2011.12.06 20:31:22.580,5.75421,5.75607,1.50,1.59
2011.12.06 20:31:22.944,5.75386,5.7557,1.50,1.50
2011.12.06 20:31:23.066,5.75363,5.75541,1.50,1.50
2011.12.06 20:31:23.471,5.75357,5.75541,1.50,1.50
2011.12.06 20:31:24.144,5.75359,5.75541,1.50,1.50
2011.12.06 20:31:24.266,5.75383,5.75567,1.50,1.50
2011.12.06 20:31:52.796,5.75387,5.75567,1.50,1.50
2011.12.06 20:31:52.913,5.75409,5.75595,1.50,1.50
2011.12.06 20:32:01.668,5.75409,5.75595,1.50,1.59
2011.12.06 20:32:07.135,5.75409,5.75595,1.50,1.50
2011.12.06 20:32:07.660,5.75442,5.75628,1.50,1.85
2011.12.06 20:32:10.839,5.75419,5.75601,1.50,1.50
2011.12.06 20:32:10.973,5.7539,5.75576,1.50,1.59
2011.12.06 20:32:11.098,5.7539,5.75576,1.50,1.50
2011.12.06 20:32:11.346,5.7539,5.75576,1.50,1.59
2011.12.06 20:32:11.467,5.75367,5.75547,1.50,1.50
2011.12.06 20:32:11.587,5.75363,5.75547,1.50,1.50
2011.12.06 20:32:13.420,5.7533,5.75514,2.25,1.50
2011.12.06 20:32:13.548,5.7533,5.75514,1.50,1.50
2011.12.06 20:32:13.887,5.7533,5.75514,1.50,1.59
2011.12.06 20:32:14.358,5.7533,5.75514,1.50,1.50
2011.12.06 20:32:14.900,5.75356,5.7554,1.50,1.50
2011.12.06 20:32:19.911,5.75387,5.75573,1.50,1.59
2011.12.06 20:32:20.162,5.75414,5.756,1.50,1.50
2011.12.06 20:32:31.216,5.75414,5.75594,1.50,1.50
2011.12.06 20:32:31.341,5.75386,5.75572,1.50,1.50
2011.12.06 20:32:37.491,5.75415,5.75594,1.50,1.59
2011.12.06 20:32:50.716,5.75388,5.75574,1.50,1.50
2011.12.06 20:32:55.387,5.75388,5.75574,1.50,2.25
2011.12.06 20:32:55.748,5.75357,5.75541,1.50,1.50
2011.12.06 20:33:08.699,5.75432,5.75618,1.50,2.34
2011.12.06 20:33:12.557,5.75432,5.75618,1.50,2.34
2011.12.06 20:33:12.683,5.75432,5.75618,1.50,1.59
2011.12.06 20:33:13.600,5.7541,5.75589,1.50,1.50
2011.12.06 20:33:13.717,5.75403,5.75589,1.50,1.50
2011.12.06 20:33:15.883,5.75407,5.75589,1.50,1.50
2011.12.06 20:33:16.258,5.7543,5.75616,1.50,1.59
2011.12.06 20:33:29.047,5.7543,5.75616,1.50,1.50
2011.12.06 20:33:42.767,5.7543,5.75616,2.25,1.50
2011.12.06 20:33:43.116,5.75458,5.75636,1.50,1.03
2011.12.06 20:33:44.216,5.75458,5.75642,1.50,2.37
2011.12.06 20:33:50.200,5.75458,5.75642,1.50,2.11
2011.12.06 20:33:50.443,5.7543,5.75616,1.50,1.50
2011.12.06 20:33:57.399,5.75434,5.75616,1.50,1.50
2011.12.06 20:33:57.789,5.75457,5.75641,1.50,2.40
2011.12.06 20:33:58.365,5.75457,5.75636,1.50,1.03
2011.12.06 20:34:00.451,5.75431,5.75615,1.50,1.50
2011.12.06 20:34:00.973,5.75392,5.75576,2.17,1.50
2011.12.06 20:34:01.098,5.75392,5.75576,1.50,1.50
2011.12.06 20:34:04.136,5.75394,5.75576,1.50,1.50
2011.12.06 20:34:04.257,5.75417,5.75603,1.50,1.50
2011.12.06 20:34:05.342,5.75448,5.75634,1.50,1.77
2011.12.06 20:34:10.721,5.75448,5.75634,1.50,1.77
2011.12.06 20:34:11.546,5.75448,5.75634,1.50,1.77
2011.12.06 20:34:13.838,5.75448,5.75634,1.50,1.77
2011.12.06 20:34:14.359,5.75448,5.75634,1.50,1.77
2011.12.06 20:34:14.869,5.75448,5.75634,1.50,1.77
2011.12.06 20:34:16.157,5.75448,5.75634,1.50,1.77
2011.12.06 20:34:16.727,5.75448,5.75632,1.50,1.02
2011.12.06 20:34:16.852,5.75422,5.75608,1.50,1.50
2011.12.06 20:34:18.778,5.75382,5.75566,1.42,1.50
2011.12.06 20:34:19.706,5.75413,5.75599,2.17,1.50
2011.12.06 20:34:20.168,5.75417,5.75596,2.17,1.50
2011.12.06 20:34:29.216,5.75449,5.75619,1.50,1.50
2011.12.06 20:34:29.345,5.75449,5.75634,1.50,1.02
2011.12.06 20:34:29.908,5.75449,5.75634,1.50,1.02
2011.12.06 20:34:30.200,5.75449,5.75627,1.50,1.02
2011.12.06 20:34:30.318,5.75427,5.75607,1.50,1.50
2011.12.06 20:34:30.441,5.75423,5.75607,1.50,1.50
2011.12.06 20:34:35.157,5.754,5.7558,2.17,1.50
2011.12.06 20:34:35.508,5.7537,5.75554,2.17,1.50
2011.12.06 20:34:35.847,5.75387,5.75554,1.50,1.50
2011.12.06 20:34:36.078,5.75436,5.7562,1.50,2.25
2011.12.06 20:34:47.076,5.75436,5.7562,1.50,1.50
2011.12.06 20:34:48.451,5.75464,5.75639,1.50,1.62
2011.12.06 20:34:51.745,5.75464,5.75647,1.50,1.24
2011.12.06 20:34:52.255,5.75464,5.75646,1.50,1.70
2011.12.06 20:35:13.208,5.75464,5.75626,1.50,1.02
2011.12.06 20:35:13.330,5.75406,5.75592,1.50,1.50
2011.12.06 20:35:16.761,5.75439,5.75625,1.50,2.25
2011.12.06 20:35:25.405,5.75439,5.75625,1.50,1.50
2011.12.06 20:35:27.302,5.75439,5.75625,1.50,2.25
2011.12.06 20:35:28.116,5.75439,5.75625,1.50,1.50
2011.12.06 20:35:29.293,5.75439,5.75625,1.50,2.25
2011.12.06 20:35:30.842,5.75439,5.75625,1.50,1.50
2011.12.06 20:35:36.152,5.75439,5.75625,1.50,2.25
2011.12.06 20:35:36.388,5.75413,5.75599,1.50,1.50
2011.12.06 20:35:41.718,5.7544,5.75619,1.50,1.50
2011.12.06 20:35:41.835,5.7544,5.75624,1.50,2.25
2011.12.06 20:35:43.496,5.75466,5.75639,1.50,1.28
2011.12.06 20:35:44.054,5.75466,5.7565,1.50,2.37
2011.12.06 20:35:44.408,5.75439,5.75625,1.50,1.50
2011.12.06 20:35:46.165,5.75439,5.75625,1.50,2.25
2011.12.06 20:35:46.958,5.75439,5.75625,1.50,1.50
2011.12.06 20:35:51.598,5.75465,5.75638,1.50,1.54
2011.12.06 20:36:00.018,5.75465,5.75646,1.50,1.08
2011.12.06 20:36:02.690,5.75491,5.75647,1.50,1.11
2011.12.06 20:36:03.199,5.75462,5.75646,1.50,2.74
2011.12.06 20:36:10.770,5.75465,5.75646,1.50,2.08
2011.12.06 20:36:11.138,5.75488,5.75657,1.50,1.29
2011.12.06 20:36:11.500,5.75517,5.75647,1.50,1.21
2011.12.06 20:36:12.484,5.75493,5.75656,1.50,1.71
2011.12.06 20:36:12.610,5.75487,5.75646,1.50,1.32
2011.12.06 20:36:19.292,5.75455,5.75639,2.17,2.19
2011.12.06 20:36:19.420,5.75455,5.75639,1.50,2.42
2011.12.06 20:36:20.888,5.75455,5.75639,1.50,2.32
2011.12.06 20:36:23.216,5.75455,5.75639,1.50,2.05
2011.12.06 20:36:25.560,5.75455,5.75639,1.50,2.26
2011.12.06 20:36:26.137,5.75455,5.75639,1.50,2.29
2011.12.06 20:36:27.227,5.75455,5.75639,1.50,2.40
2011.12.06 20:36:28.368,5.75455,5.75639,1.50,2.16
2011.12.06 20:36:29.668,5.75455,5.75639,1.50,2.11
2011.12.06 20:36:29.903,5.75455,5.75627,1.50,1.02
2011.12.06 20:36:30.273,5.75427,5.75601,1.50,2.25
2011.12.06 20:36:30.919,5.75361,5.75547,1.50,1.50
2011.12.06 20:36:34.367,5.75361,5.75547,2.25,1.50
2011.12.06 20:36:34.494,5.75396,5.75582,2.17,1.50
2011.12.06 20:36:34.896,5.75396,5.75582,1.50,1.50
2011.12.06 20:36:35.010,5.75402,5.75585,1.50,1.50
2011.12.06 20:36:35.127,5.75399,5.75585,1.50,1.50
2011.12.06 20:36:46.469,5.75399,5.75585,1.50,2.25
2011.12.06 20:36:46.592,5.7537,5.75556,1.50,1.50
2011.12.06 20:36:53.437,5.75396,5.75578,1.50,2.25
2011.12.06 20:36:53.561,5.75396,5.75582,1.50,1.59
2011.12.06 20:36:54.097,5.75374,5.75556,2.17,1.50
2011.12.06 20:36:55.288,5.75396,5.75582,1.50,1.50
2011.12.06 20:36:58.017,5.75396,5.75582,1.50,2.25
2011.12.06 20:36:58.246,5.75396,5.75582,1.50,1.50
2011.12.06 20:37:08.695,5.75396,5.75582,1.50,2.25
2011.12.06 20:37:09.285,5.75396,5.75582,1.50,1.50
2011.12.06 20:37:09.894,5.75396,5.75582,1.50,2.25
2011.12.06 20:37:10.012,5.75396,5.75582,1.50,1.50
2011.12.06 20:37:34.508,5.75431,5.75604,1.50,2.25
2011.12.06 20:37:34.932,5.75465,5.75626,1.50,1.02
2011.12.06 20:37:35.063,5.75465,5.75646,1.50,2.38
2011.12.06 20:37:40.453,5.75465,5.75647,1.50,1.13
2011.12.06 20:37:43.058,5.75465,5.75646,1.50,1.13
2011.12.06 20:37:43.851,5.75465,5.75647,1.50,1.32
2011.12.06 20:37:44.906,5.75441,5.75623,1.50,1.50
2011.12.06 20:37:45.378,5.75437,5.75623,1.50,1.50
2011.12.06 20:37:51.213,5.7541,5.75594,1.50,1.50
2011.12.06 20:37:53.496,5.75452,5.75626,1.50,1.02
2011.12.06 20:37:56.169,5.75452,5.75619,1.50,1.50
2011.12.06 20:37:56.295,5.75411,5.75595,1.50,1.50
2011.12.06 20:38:16.090,5.75443,5.75613,1.50,1.50
2011.12.06 20:38:16.575,5.75443,5.75626,1.50,1.02
2011.12.06 20:38:17.065,5.75443,5.75627,1.50,1.02
2011.12.06 20:38:17.303,5.75418,5.75602,1.50,1.50
2011.12.06 20:38:43.777,5.75418,5.75602,1.50,2.25
2011.12.06 20:38:44.143,5.75327,5.75513,2.25,1.50
2011.12.06 20:38:44.270,5.75327,5.75513,1.50,1.50
2011.12.06 20:38:49.283,5.75327,5.75513,1.50,2.25
2011.12.06 20:38:49.407,5.75297,5.75483,1.50,1.50
2011.12.06 20:38:50.618,5.75324,5.75505,1.50,2.25
2011.12.06 20:38:50.864,5.75324,5.75508,1.50,2.25
2011.12.06 20:38:51.664,5.75355,5.75532,1.50,2.25
2011.12.06 20:38:51.788,5.75355,5.75539,1.50,2.25
2011.12.06 20:38:54.503,5.75355,5.75538,1.50,1.50
2011.12.06 20:38:54.626,5.75331,5.75513,1.50,1.50
2011.12.06 20:38:55.088,5.75305,5.75488,1.50,1.50
2011.12.06 20:38:55.222,5.75302,5.75488,1.50,1.50
2011.12.06 20:38:59.346,5.75302,5.75488,2.17,1.50
2011.12.06 20:38:59.589,5.75338,5.75524,1.50,1.50
2011.12.06 20:38:59.716,5.75351,5.75524,1.50,1.50
2011.12.06 20:38:59.957,5.75375,5.75559,1.50,1.50
2011.12.06 20:39:00.776,5.75375,5.75559,1.50,2.25
2011.12.06 20:39:00.895,5.75336,5.75522,1.50,1.50
2011.12.06 20:39:02.505,5.75309,5.75493,1.50,1.50
2011.12.06 20:39:34.589,5.75343,5.75529,1.50,2.25
2011.12.06 20:39:35.455,5.75373,5.75557,1.50,2.25
2011.12.06 20:39:38.775,5.75319,5.75503,1.50,1.50
2011.12.06 20:39:39.126,5.75347,5.75533,1.50,1.50
2011.12.06 20:39:42.883,5.75347,5.75533,1.50,2.25
2011.12.06 20:39:43.352,5.75347,5.75533,1.50,2.25
2011.12.06 20:39:43.710,5.75322,5.75506,1.50,1.50
2011.12.06 20:39:46.128,5.75325,5.75506,1.50,1.50
2011.12.06 20:39:46.247,5.75347,5.75533,1.50,2.25
2011.12.06 20:39:59.620,5.75315,5.75499,1.50,1.50
2011.12.06 20:40:17.081,5.75315,5.75496,1.50,2.25
2011.12.06 20:40:17.209,5.75244,5.7543,1.50,1.50
2011.12.06 20:40:21.006,5.75244,5.7543,1.50,2.25
2011.12.06 20:40:21.371,5.75244,5.7543,1.50,1.50
2011.12.06 20:40:26.439,5.7527,5.75452,1.50,2.25
2011.12.06 20:40:26.921,5.7527,5.75456,1.50,1.50
2011.12.06 20:40:39.698,5.7527,5.75456,1.50,2.25
2011.12.06 20:40:55.163,5.7527,5.75452,1.50,2.25
2011.12.06 20:40:55.288,5.75244,5.7543,1.50,1.50
2011.12.06 20:41:06.127,5.75244,5.7543,2.17,1.50
2011.12.06 20:41:06.464,5.75307,5.75491,1.50,2.25
2011.12.06 20:41:12.337,5.75307,5.75491,1.50,2.25
2011.12.06 20:41:13.690,5.75307,5.75491,1.50,1.50
2011.12.06 20:41:13.823,5.75334,5.7552,1.50,2.25
2011.12.06 20:41:14.392,5.75334,5.7552,1.50,2.25
2011.12.06 20:41:19.895,5.75334,5.7552,1.50,1.50
2011.12.06 20:41:36.703,5.75368,5.75552,1.50,2.34
2011.12.06 20:41:40.151,5.75368,5.75552,1.50,1.59
2011.12.06 20:41:40.273,5.75368,5.75552,1.50,1.50
2011.12.06 20:41:51.790,5.75334,5.75518,1.50,1.50
2011.12.06 20:41:53.587,5.75307,5.75491,1.50,1.50
2011.12.06 20:42:03.710,5.75336,5.75515,1.50,1.50
2011.12.06 20:42:04.066,5.75336,5.75522,1.50,1.50
2011.12.06 20:42:22.712,5.75314,5.75496,1.50,1.50
2011.12.06 20:42:22.833,5.7531,5.75496,1.50,1.50
2011.12.06 20:42:32.826,5.75341,5.75527,1.50,1.50
2011.12.06 20:42:47.658,5.75341,5.75507,1.50,1.50
2011.12.06 20:42:47.776,5.75311,5.75495,1.50,1.50
2011.12.06 20:42:56.798,5.75336,5.75519,1.50,2.25
2011.12.06 20:43:00.761,5.75366,5.75544,1.50,2.25
2011.12.06 20:43:00.996,5.75366,5.7555,1.50,1.50
2011.12.06 20:43:01.781,5.75366,5.7555,1.50,2.25
2011.12.06 20:43:10.561,5.75366,5.7555,1.50,2.25
2011.12.06 20:43:14.542,5.75366,5.7555,1.50,1.50
2011.12.06 20:43:44.283,5.75366,5.7555,1.50,2.25
2011.12.06 20:43:44.405,5.75366,5.7555,1.50,1.50
2011.12.06 20:43:44.646,5.75393,5.75577,1.50,2.25
2011.12.06 20:43:44.767,5.75393,5.75577,1.50,1.50
2011.12.06 20:43:53.423,5.75393,5.75577,1.50,2.10
2011.12.06 20:43:53.545,5.75329,5.75513,1.50,1.50
2011.12.06 20:43:57.337,5.75306,5.75487,2.25,1.50
2011.12.06 20:43:57.454,5.75303,5.75487,2.25,1.50
2011.12.06 20:43:57.572,5.75303,5.75487,2.25,1.50
2011.12.06 20:44:00.348,5.75303,5.75487,2.25,1.50
2011.12.06 20:44:00.466,5.75329,5.75515,2.25,1.50
2011.12.06 20:44:00.936,5.75329,5.75515,2.25,1.50
2011.12.06 20:44:01.955,5.75329,5.75515,2.25,1.50
2011.12.06 20:44:08.196,5.75358,5.75544,2.25,1.50
2011.12.06 20:44:11.060,5.7539,5.75567,1.50,1.59
2011.12.06 20:44:14.659,5.75366,5.75549,2.25,1.50
2011.12.06 20:44:15.972,5.75363,5.75549,1.50,1.50
2011.12.06 20:44:29.902,5.75363,5.75549,2.25,1.50
2011.12.06 20:44:37.003,5.75363,5.75549,2.25,1.50
2011.12.06 20:44:47.287,5.75389,5.75575,1.50,1.59
2011.12.06 20:44:53.109,5.75359,5.75545,2.25,1.50
2011.12.06 20:44:53.241,5.75331,5.75517,2.25,1.50
2011.12.06 20:44:53.836,5.75331,5.75517,2.25,1.50
2011.12.06 20:44:54.710,5.75331,5.75517,2.25,1.50
2011.12.06 20:44:57.523,5.75358,5.75544,2.25,1.50
2011.12.06 20:45:00.476,5.75358,5.75544,1.50,1.59
2011.12.06 20:45:01.349,5.75358,5.75544,1.50,1.50
2011.12.06 20:45:01.595,5.75358,5.75544,2.25,1.50
2011.12.06 20:45:07.491,5.75358,5.75544,2.25,1.50
2011.12.06 20:45:08.939,5.75386,5.7557,1.50,1.59
2011.12.06 20:45:09.070,5.75386,5.7557,2.25,1.50
2011.12.06 20:45:10.576,5.75386,5.7557,1.50,1.50
2011.12.06 20:45:11.202,5.75386,5.7557,2.25,1.50
2011.12.06 20:45:11.624,5.75411,5.75597,1.50,1.59
2011.12.06 20:45:20.374,5.75381,5.75565,2.25,1.50
2011.12.06 20:45:20.615,5.75348,5.7553,1.50,1.50
2011.12.06 20:45:27.534,5.75378,5.75553,1.50,1.50
2011.12.06 20:45:27.658,5.75378,5.75562,1.50,1.50
2011.12.06 20:45:30.398,5.75403,5.75589,1.50,1.50
2011.12.06 20:45:48.745,5.7538,5.75552,2.25,1.50
2011.12.06 20:45:48.985,5.75366,5.75552,2.25,1.50
2011.12.06 20:45:49.323,5.75366,5.75552,1.50,1.50
2011.12.06 20:45:50.383,5.75366,5.75552,2.25,1.50
2011.12.06 20:45:50.954,5.75366,5.75552,2.25,1.50
2011.12.06 20:46:00.166,5.75366,5.75552,2.25,1.50
2011.12.06 20:46:04.103,5.75366,5.75552,2.25,1.50
2011.12.06 20:46:14.968,5.75366,5.75552,2.25,1.50
2011.12.06 20:46:26.552,5.75366,5.75552,1.50,1.50
2011.12.06 20:46:44.865,5.7534,5.75526,1.50,1.50
2011.12.06 20:46:53.355,5.75367,5.75553,1.50,1.50
2011.12.06 20:47:15.741,5.75367,5.75527,1.50,1.48
2011.12.06 20:47:19.231,5.75367,5.75533,1.50,1.22
2011.12.06 20:47:22.676,5.75345,5.75518,1.50,1.22
2011.12.06 20:47:22.796,5.75336,5.75522,1.50,2.42
2011.12.06 20:47:25.382,5.75336,5.75522,1.50,1.99
2011.12.06 20:47:25.514,5.75342,5.75522,1.50,2.01
2011.12.06 20:47:25.852,5.75364,5.75537,1.50,1.16
2011.12.06 20:47:31.252,5.75364,5.75532,1.50,1.53
2011.12.06 20:47:34.101,5.75364,5.75527,1.50,1.04
2011.12.06 20:47:45.162,5.75364,5.75517,1.50,1.08
2011.12.06 20:47:45.286,5.75332,5.75516,1.50,1.95
2011.12.06 20:47:45.624,5.75332,5.75508,1.50,1.31
2011.12.06 20:47:50.398,5.75369,5.75508,1.50,1.31
2011.12.06 20:47:50.627,5.75369,5.75517,1.50,1.06
2011.12.06 20:47:52.021,5.75369,5.75528,1.50,1.17
2011.12.06 20:47:53.032,5.7534,5.75526,1.50,2.25
2011.12.06 20:47:53.602,5.7534,5.75517,1.50,1.24
2011.12.06 20:47:54.802,5.7534,5.75502,1.50,1.53
2011.12.06 20:47:55.383,5.7534,5.75503,1.50,1.38
2011.12.06 20:47:56.932,5.7534,5.75508,1.50,1.15
2011.12.06 20:47:58.390,5.75309,5.75493,1.50,1.73
2011.12.06 20:48:01.292,5.75309,5.75493,1.50,2.02
2011.12.06 20:48:02.259,5.75335,5.75502,1.50,1.13
2011.12.06 20:48:02.388,5.75335,5.75518,1.50,1.35
2011.12.06 20:48:02.507,5.7536,5.75517,1.50,1.35
2011.12.06 20:48:12.364,5.7536,5.75518,1.50,1.24
2011.12.06 20:48:12.724,5.75338,5.75507,1.50,1.26
2011.12.06 20:48:12.844,5.7533,5.75507,1.50,1.26
2011.12.06 20:48:14.426,5.7533,5.75516,1.50,2.09
2011.12.06 20:48:14.545,5.75358,5.75528,1.50,1.26
2011.12.06 20:48:20.484,5.75358,5.75513,1.50,1.15
2011.12.06 20:48:21.062,5.75358,5.75512,1.50,1.35
2011.12.06 20:48:22.553,5.75358,5.75517,1.50,1.15
2011.12.06 20:48:29.237,5.75358,5.75523,1.50,1.22
2011.12.06 20:48:29.843,5.75358,5.75532,1.50,1.53
2011.12.06 20:48:29.967,5.75367,5.75533,2.25,1.06
2011.12.06 20:48:30.394,5.75415,5.75553,1.50,1.02
2011.12.06 20:48:30.864,5.75389,5.75562,1.50,1.44
2011.12.06 20:48:31.099,5.75389,5.75548,1.50,1.40
2011.12.06 20:48:31.455,5.75416,5.75563,1.50,1.06
2011.12.06 20:48:36.065,5.75416,5.75567,1.50,1.26
2011.12.06 20:48:40.366,5.75416,5.75558,1.50,1.17
2011.12.06 20:48:40.488,5.75392,5.75558,1.50,1.17
2011.12.06 20:48:40.815,5.75386,5.75558,1.50,1.17
2011.12.06 20:48:41.461,5.75386,5.75547,1.50,1.13
2011.12.06 20:48:41.805,5.75386,5.75552,1.50,1.24
2011.12.06 20:48:44.735,5.75386,5.75547,1.50,1.17
2011.12.06 20:48:47.493,5.75386,5.75553,1.50,1.26
2011.12.06 20:48:55.995,5.75413,5.75553,1.50,1.26
2011.12.06 20:48:57.138,5.75413,5.75542,1.50,1.15
2011.12.06 20:48:59.112,5.75413,5.75557,1.50,1.17
2011.12.06 20:49:05.673,5.75413,5.75558,1.50,1.47
2011.12.06 20:49:17.736,5.75413,5.75547,1.50,1.42
2011.12.06 20:49:19.019,5.75413,5.75563,1.50,1.22
2011.12.06 20:49:19.545,5.75413,5.75562,1.50,1.47
2011.12.06 20:49:23.099,5.75445,5.75562,1.50,1.47
2011.12.06 20:49:23.230,5.75445,5.75577,1.50,1.51
2011.12.06 20:49:23.652,5.75451,5.75578,1.50,1.08
2011.12.06 20:49:23.773,5.75446,5.75578,1.50,1.08
2011.12.06 20:49:28.457,5.75446,5.75577,1.50,1.11
2011.12.06 20:49:29.120,5.75472,5.75577,1.50,1.11
2011.12.06 20:49:29.490,5.75515,5.75602,1.50,1.02
2011.12.06 20:49:30.084,5.75515,5.75603,1.50,1.04
2011.12.06 20:49:30.206,5.75454,5.75603,2.25,1.04
2011.12.06 20:49:30.329,5.75481,5.75583,2.25,1.20
2011.12.06 20:49:30.446,5.75481,5.75583,1.50,1.20
2011.12.06 20:49:30.968,5.75481,5.75582,1.50,1.49
2011.12.06 20:49:31.090,5.75481,5.75593,1.50,1.08
2011.12.06 20:49:33.883,5.75481,5.75598,1.50,1.40
2011.12.06 20:49:39.883,5.75481,5.75607,1.50,1.29
2011.12.06 20:49:40.541,5.75481,5.75582,1.50,1.20
2011.12.06 20:49:41.261,5.75481,5.75593,1.50,1.26
2011.12.06 20:49:41.819,5.75481,5.75582,1.50,1.11
2011.12.06 20:49:42.563,5.75481,5.75608,1.50,1.65
2011.12.06 20:49:43.242,5.75481,5.75607,1.50,1.58
2011.12.06 20:49:44.355,5.75481,5.75593,1.50,1.49
2011.12.06 20:49:44.912,5.75481,5.75592,1.50,1.40
2011.12.06 20:49:46.462,5.75481,5.75602,1.50,1.13
2011.12.06 20:49:47.792,5.75481,5.75593,1.50,1.22
2011.12.06 20:49:48.591,5.75481,5.75602,1.50,1.47
2011.12.06 20:49:49.126,5.75458,5.75587,1.50,1.35
2011.12.06 20:49:49.245,5.75436,5.75587,2.25,1.35
2011.12.06 20:49:49.366,5.75436,5.75588,1.50,1.20
2011.12.06 20:49:50.598,5.75436,5.75572,1.50,1.02
2011.12.06 20:49:51.102,5.75436,5.75573,1.50,1.08
2011.12.06 20:49:53.450,5.75465,5.75573,1.50,1.08
2011.12.06 20:49:53.574,5.75465,5.75583,1.50,1.29
2011.12.06 20:49:54.112,5.75465,5.75582,1.50,1.42
2011.12.06 20:49:55.152,5.75465,5.75583,1.50,1.24
2011.12.06 20:49:55.664,5.75465,5.75583,1.50,1.20
2011.12.06 20:49:56.575,5.75465,5.75592,1.50,1.47
2011.12.06 20:50:01.331,5.75465,5.75593,1.50,1.51
2011.12.06 20:50:02.295,5.75465,5.75592,1.50,1.15
2011.12.06 20:50:04.767,5.75465,5.75572,1.50,1.11
2011.12.06 20:50:06.136,5.75465,5.75573,1.50,1.35
2011.12.06 20:50:10.466,5.75465,5.75572,1.50,1.17
2011.12.06 20:50:14.365,5.75442,5.75572,1.50,1.15
2011.12.06 20:50:14.485,5.75439,5.75572,1.50,1.31
2011.12.06 20:50:14.843,5.75439,5.75578,1.50,1.44
2011.12.06 20:50:15.435,5.75439,5.75577,1.50,1.42
2011.12.06 20:50:16.053,5.75439,5.75568,1.50,1.20
2011.12.06 20:50:17.180,5.75439,5.75577,1.50,1.29
2011.12.06 20:50:17.658,5.75439,5.75573,1.50,1.40
2011.12.06 20:50:18.900,5.75439,5.75572,1.50,1.02
2011.12.06 20:50:22.533,5.75439,5.75557,1.50,1.22
2011.12.06 20:50:23.853,5.75439,5.75558,1.50,1.44
2011.12.06 20:50:25.984,5.75439,5.75567,1.50,1.26
2011.12.06 20:50:29.721,5.75439,5.75572,1.50,1.17
2011.12.06 20:50:34.314,5.75439,5.75568,1.50,1.29
2011.12.06 20:50:39.017,5.75439,5.75562,1.50,1.17
2011.12.06 20:50:41.936,5.75439,5.75577,1.50,1.31
2011.12.06 20:50:43.681,5.75439,5.75557,1.50,1.33
2011.12.06 20:50:46.492,5.75439,5.75573,1.50,1.08
2011.12.06 20:50:49.060,5.75439,5.75577,1.50,1.40
2011.12.06 20:50:49.195,5.75481,5.75568,1.50,1.02
2011.12.06 20:50:49.440,5.75481,5.75583,1.50,1.22
2011.12.06 20:50:50.643,5.75481,5.75603,1.50,1.49
2011.12.06 20:51:00.160,5.75485,5.75612,1.50,1.40
2011.12.06 20:51:00.291,5.75509,5.75602,1.50,1.20
2011.12.06 20:51:00.832,5.75509,5.75613,1.50,1.31
2011.12.06 20:51:07.668,5.75509,5.75613,1.50,1.08
2011.12.06 20:51:11.978,5.75509,5.75603,1.50,1.31
2011.12.06 20:51:12.676,5.75509,5.75602,1.50,1.26
2011.12.06 20:51:18.977,5.75509,5.75603,1.50,1.04
2011.12.06 20:51:19.600,5.75509,5.75602,1.50,1.18
2011.12.06 20:51:21.946,5.75467,5.75602,1.50,1.18
2011.12.06 20:51:31.869,5.75451,5.75612,1.42,1.06
2011.12.06 20:51:31.998,5.75478,5.75612,1.50,1.06
2011.12.06 20:51:32.348,5.75478,5.75598,1.50,1.18
2011.12.06 20:51:32.700,5.75478,5.75588,1.50,1.43
2011.12.06 20:51:33.880,5.75451,5.75577,1.50,1.20
2011.12.06 20:51:34.003,5.75451,5.75568,1.50,1.29
2011.12.06 20:51:38.456,5.75451,5.75547,1.50,1.17
2011.12.06 20:51:40.801,5.75451,5.75542,1.50,1.11
2011.12.06 20:51:42.404,5.75451,5.75548,1.50,1.08
2011.12.06 20:51:42.939,5.75451,5.75557,1.50,1.15
2011.12.06 20:51:43.053,5.75451,5.75568,1.50,1.22
2011.12.06 20:51:48.133,5.75451,5.75563,1.50,1.17
2011.12.06 20:51:49.890,5.75489,5.75577,1.50,1.17
2011.12.06 20:51:50.477,5.75489,5.75578,1.50,1.49
2011.12.06 20:51:50.596,5.75489,5.75582,1.50,1.22
2011.12.06 20:51:53.376,5.75428,5.75582,1.42,1.22
2011.12.06 20:51:58.227,5.75447,5.75583,1.42,1.11
2011.12.06 20:51:58.344,5.75447,5.75587,1.42,1.33
2011.12.06 20:51:58.732,5.75458,5.75587,1.42,1.33
2011.12.06 20:52:00.574,5.75458,5.75593,1.42,1.08
2011.12.06 20:52:00.921,5.75515,5.75593,1.50,1.11
2011.12.06 20:52:03.146,5.75464,5.75592,2.25,1.08
2011.12.06 20:52:03.391,5.75493,5.75577,1.50,1.02
2011.12.06 20:52:05.645,5.75493,5.75583,1.50,1.06
2011.12.06 20:52:06.250,5.75493,5.75582,1.50,1.40
2011.12.06 20:52:08.845,5.75493,5.75583,1.50,1.29
2011.12.06 20:52:13.298,5.75493,5.75583,1.50,1.06
2011.12.06 20:52:16.975,5.75493,5.75583,1.50,1.29
2011.12.06 20:52:20.957,5.75493,5.75587,1.50,1.20
2011.12.06 20:52:22.995,5.75493,5.75588,1.50,1.17
2011.12.06 20:52:26.250,5.75526,5.75598,1.50,1.02
2011.12.06 20:52:26.935,5.75526,5.75607,1.50,1.24
2011.12.06 20:52:29.433,5.75526,5.75602,1.50,1.11
2011.12.06 20:52:33.087,5.75526,5.75732,1.50,2.56
2011.12.06 20:52:33.479,5.75526,5.75608,1.50,1.13
2011.12.06 20:52:34.157,5.75526,5.75617,1.50,1.35
2011.12.06 20:52:34.387,5.75499,5.75607,2.25,1.02
2011.12.06 20:52:34.615,5.75499,5.75582,1.50,1.13
2011.12.06 20:52:35.078,5.75529,5.75582,1.50,1.04
2011.12.06 20:52:35.865,5.75529,5.75587,1.50,1.17
2011.12.06 20:52:36.341,5.75501,5.75587,1.50,1.17
2011.12.06 20:52:37.132,5.75501,5.75588,1.50,1.17
2011.12.06 20:52:37.253,5.75501,5.75582,1.50,1.17
2011.12.06 20:52:38.055,5.75501,5.75583,1.50,1.49
2011.12.06 20:52:38.583,5.75501,5.75592,1.50,1.38
2011.12.06 20:52:39.379,5.75501,5.75593,1.50,1.62
2011.12.06 20:52:40.432,5.75501,5.75582,1.50,1.20
2011.12.06 20:52:46.594,5.75501,5.75602,1.50,1.38
2011.12.06 20:52:47.563,5.75501,5.75592,1.50,1.49
2011.12.06 20:52:48.159,5.75501,5.75588,1.50,1.20
2011.12.06 20:52:48.817,5.75531,5.75613,1.50,1.60
2011.12.06 20:52:53.347,5.75531,5.75691,1.50,1.63
2011.12.06 20:52:58.672,5.75531,5.75646,1.50,1.27
2011.12.06 20:53:01.902,5.75497,5.75647,1.50,1.23
2011.12.06 20:53:03.026,5.75497,5.75646,1.50,1.18
2011.12.06 20:53:06.555,5.75497,5.75647,1.50,1.24
2011.12.06 20:53:07.506,5.75497,5.75646,1.50,1.50
2011.12.06 20:53:08.586,5.75497,5.75657,1.50,1.37
2011.12.06 20:53:11.123,5.75497,5.75646,1.50,1.45
2011.12.06 20:53:14.013,5.75497,5.75647,1.50,1.13
2011.12.06 20:53:14.465,5.7547,5.75647,2.25,1.26
2011.12.06 20:53:14.696,5.7547,5.75647,1.50,1.47
2011.12.06 20:53:16.726,5.75457,5.75628,1.42,1.77
2011.12.06 20:53:16.969,5.75442,5.75628,2.25,1.77
2011.12.06 20:53:17.543,5.75442,5.75628,2.25,1.77
2011.12.06 20:53:21.776,5.75442,5.75628,2.25,1.77
2011.12.06 20:53:26.893,5.75447,5.75628,1.50,1.77
2011.12.06 20:53:27.245,5.75469,5.75647,1.50,1.16
2011.12.06 20:53:28.086,5.75469,5.75646,1.50,1.26
2011.12.06 20:53:28.963,5.75469,5.75647,1.50,1.26
2011.12.06 20:53:30.342,5.75472,5.75647,1.50,1.26
2011.12.06 20:53:30.694,5.75496,5.75646,1.50,1.37
2011.12.06 20:53:33.424,5.75496,5.75647,1.50,1.03
2011.12.06 20:53:36.053,5.75496,5.75646,1.50,1.53
2011.12.06 20:53:36.627,5.75496,5.75647,1.50,1.39
2011.12.06 20:53:37.217,5.75496,5.75646,1.50,1.34
2011.12.06 20:53:37.739,5.75496,5.75637,1.50,1.03
2011.12.06 20:53:38.114,5.75527,5.75646,1.50,1.50
2011.12.06 20:53:38.892,5.75527,5.75647,1.50,1.63
2011.12.06 20:53:41.213,5.755,5.75647,1.50,1.63
2011.12.06 20:53:41.788,5.755,5.75646,1.50,1.68
2011.12.06 20:53:44.468,5.755,5.75647,1.50,1.68
2011.12.06 20:53:45.066,5.755,5.75656,1.50,1.18
2011.12.06 20:53:45.630,5.755,5.75657,1.50,1.39
2011.12.06 20:53:46.206,5.755,5.75646,1.50,1.13
2011.12.06 20:53:50.694,5.755,5.75647,1.50,1.24
2011.12.06 20:53:51.925,5.755,5.75656,1.50,1.66
2011.12.06 20:53:58.969,5.75475,5.75656,2.25,1.58
2011.12.06 20:53:59.536,5.75475,5.75647,2.25,1.53
2011.12.06 20:54:01.576,5.75503,5.75646,1.50,1.47
2011.12.06 20:54:08.312,5.75503,5.75647,1.50,1.11
2011.12.06 20:54:09.446,5.75503,5.75646,1.50,1.34
2011.12.06 20:54:10.326,5.75503,5.75647,1.50,1.13
2011.12.06 20:54:13.707,5.75503,5.75636,1.50,1.03
2011.12.06 20:54:19.014,5.75503,5.75647,1.50,1.21
2011.12.06 20:54:34.179,5.7548,5.75646,2.25,1.32
2011.12.06 20:54:34.304,5.7548,5.75646,1.50,1.53
2011.12.06 20:54:34.735,5.75472,5.75646,2.25,1.32
2011.12.06 20:54:35.433,5.75472,5.75656,2.25,2.42
2011.12.06 20:54:41.651,5.75501,5.75646,1.50,1.16
2011.12.06 20:54:42.242,5.75525,5.75647,1.50,1.11
2011.12.06 20:54:43.637,5.75498,5.75647,1.50,1.11
2011.12.06 20:54:44.359,5.75498,5.75646,1.50,1.32
2011.12.06 20:54:45.011,5.75498,5.75637,1.50,1.03
2011.12.06 20:54:45.610,5.75498,5.75646,1.50,1.53
2011.12.06 20:54:52.971,5.75498,5.75647,1.50,1.29
2011.12.06 20:54:55.392,5.75498,5.75646,1.50,1.03
2011.12.06 20:54:57.140,5.75498,5.75657,1.50,1.34
2011.12.06 20:54:57.906,5.75527,5.75646,1.50,1.53
2011.12.06 20:54:58.495,5.755,5.75647,1.50,1.37
2011.12.06 20:54:59.012,5.755,5.75646,1.50,1.21
2011.12.06 20:55:01.004,5.755,5.75647,1.50,1.32
2011.12.06 20:55:01.593,5.755,5.75646,1.50,1.16
2011.12.06 20:55:01.839,5.75531,5.75646,1.50,1.39
2011.12.06 20:55:03.049,5.75531,5.75647,1.50,1.32
2011.12.06 20:55:03.776,5.75531,5.75656,1.50,1.63
2011.12.06 20:55:04.553,5.75531,5.75647,1.50,1.45
2011.12.06 20:55:10.254,5.75531,5.75646,1.50,1.05
2011.12.06 20:55:12.312,5.75531,5.75647,1.50,1.45
2011.12.06 20:55:15.577,5.75556,5.75657,1.50,1.34
2011.12.06 20:55:16.970,5.75556,5.75646,1.50,1.18
2011.12.06 20:55:18.711,5.75556,5.75647,1.50,1.50
2011.12.06 20:55:21.025,5.75556,5.75647,1.50,1.24
2011.12.06 20:55:22.496,5.75556,5.75646,1.50,1.39
2011.12.06 20:55:25.674,5.75531,5.75646,1.50,1.16
2011.12.06 20:55:26.628,5.75531,5.75647,1.50,1.32
2011.12.06 20:55:34.721,5.75531,5.75646,1.50,1.39
2011.12.06 20:55:35.227,5.75531,5.75647,1.50,1.39
2011.12.06 20:55:35.813,5.75531,5.75646,1.50,1.26
2011.12.06 20:55:38.549,5.75531,5.75647,1.50,1.47
2011.12.06 20:55:40.573,5.75531,5.75656,1.50,1.39
2011.12.06 20:55:41.241,5.75531,5.75657,1.50,1.50
2011.12.06 20:55:46.984,5.75531,5.75646,1.50,1.39
2011.12.06 20:55:48.724,5.75531,5.75647,1.50,1.50
2011.12.06 20:55:49.843,5.75531,5.75646,1.50,1.42
2011.12.06 20:55:50.673,5.75531,5.75647,1.50,1.11
2011.12.06 20:55:52.495,5.75531,5.75656,1.50,1.37
2011.12.06 20:56:07.454,5.75531,5.75647,1.50,1.18
2011.12.06 20:56:11.882,5.75531,5.75646,1.50,1.66
2011.12.06 20:56:26.467,5.75488,5.75656,1.42,1.68
2011.12.06 20:56:34.934,5.75506,5.75647,1.42,1.47
2011.12.06 20:56:35.054,5.75507,5.75647,1.42,1.47
2011.12.06 20:56:35.393,5.75566,5.75646,1.50,1.50
2011.12.06 20:56:35.786,5.7559,5.75636,1.50,1.03
2011.12.06 20:56:40.240,5.7559,5.75794,1.50,1.50
2011.12.06 20:56:46.493,5.7559,5.75677,1.50,1.05
2011.12.06 20:56:47.025,5.75645,5.75687,1.50,1.24
2011.12.06 20:56:47.362,5.75645,5.75851,1.50,2.25
2011.12.06 20:56:51.858,5.75653,5.75831,1.50,2.25
2011.12.06 20:56:52.213,5.75676,5.75862,1.50,2.25
2011.12.06 20:56:52.778,5.75656,5.75833,1.50,2.25
2011.12.06 20:56:53.123,5.75647,5.75833,1.50,2.25
2011.12.06 20:56:53.246,5.75673,5.75859,1.50,2.25
2011.12.06 20:56:53.363,5.75644,5.7583,1.50,2.25
2011.12.06 20:56:53.597,5.7567,5.75856,1.50,2.25
2011.12.06 20:56:54.153,5.75638,5.75822,1.50,1.50
2011.12.06 20:56:54.287,5.75585,5.75771,1.50,1.50
2011.12.06 20:56:54.412,5.75585,5.75771,1.50,2.25
2011.12.06 20:57:23.759,5.75585,5.75771,1.50,2.25
2011.12.06 20:57:29.344,5.75585,5.75771,1.50,1.50
2011.12.06 20:57:29.464,5.75619,5.75793,1.50,2.25
2011.12.06 20:57:38.535,5.75619,5.75803,1.50,1.77
2011.12.06 20:57:40.808,5.75658,5.75812,1.50,1.46
2011.12.06 20:57:41.154,5.75658,5.75711,1.50,1.89
2011.12.06 20:57:41.276,5.75658,5.75711,1.50,1.89
2011.12.06 20:57:41.393,5.75654,5.75711,1.50,1.89
2011.12.06 20:57:43.043,5.75654,5.75685,1.50,1.11
2011.12.06 20:57:45.455,5.75654,5.757,1.50,1.22
2011.12.06 20:57:46.085,5.75658,5.757,1.50,1.26
2011.12.06 20:57:46.512,5.7568,5.757,1.50,1.26
2011.12.06 20:57:48.362,5.7568,5.75784,1.50,1.46
2011.12.06 20:57:51.123,5.7568,5.75775,1.50,1.26
2011.12.06 20:57:51.524,5.75619,5.75775,1.42,1.29
2011.12.06 20:57:53.426,5.75619,5.75775,1.42,1.29
2011.12.06 20:57:53.548,5.75627,5.75784,1.42,1.04
2011.12.06 20:57:54.476,5.75627,5.7579,1.42,1.29
2011.12.06 20:58:04.002,5.75627,5.75764,1.42,1.52
2011.12.06 20:58:05.022,5.75627,5.75759,1.42,1.46
2011.12.06 20:58:06.421,5.75643,5.75758,1.42,1.19
2011.12.06 20:58:06.543,5.75643,5.75754,1.42,1.07
2011.12.06 20:58:09.386,5.75643,5.75768,1.42,1.61
2011.12.06 20:58:26.264,5.75628,5.7575,1.42,1.07
2011.12.06 20:58:26.789,5.75628,5.75759,1.42,1.14
2011.12.06 20:58:33.791,5.75655,5.75763,1.50,1.11
2011.12.06 20:58:33.919,5.75632,5.75763,2.17,1.11
2011.12.06 20:58:34.047,5.75625,5.75739,1.50,1.51
2011.12.06 20:58:34.604,5.75625,5.75739,1.50,1.38
2011.12.06 20:58:35.272,5.75625,5.75728,1.50,1.06
2011.12.06 20:58:41.446,5.75631,5.75728,1.50,1.31
2011.12.06 20:58:41.567,5.75631,5.75728,1.50,1.08
2011.12.06 20:58:41.798,5.75654,5.75728,1.50,1.08
2011.12.06 20:58:44.036,5.75654,5.75753,1.50,1.49
2011.12.06 20:58:46.865,5.75654,5.75763,1.50,1.40
2011.12.06 20:58:46.995,5.75607,5.75763,1.42,1.40
2011.12.06 20:58:47.870,5.75615,5.75763,1.42,1.40
2011.12.06 20:58:48.224,5.75615,5.75743,1.42,1.31
2011.12.06 20:58:50.573,5.75615,5.75744,1.42,1.15
2011.12.06 20:58:51.257,5.75615,5.75743,1.42,1.38
2011.12.06 20:58:51.877,5.75615,5.75754,1.42,1.56
2011.12.06 20:58:58.249,5.75615,5.75743,1.42,1.13
2011.12.06 20:58:58.585,5.75683,5.75763,1.50,1.26
2011.12.06 20:59:00.140,5.75683,5.75734,1.50,0.23
2011.12.06 20:59:00.369,5.75683,5.75739,1.50,0.23
2011.12.06 20:59:03.205,5.75683,5.75738,1.50,0.23
2011.12.06 20:59:03.404,5.75683,5.75887,1.50,1.50
2011.12.06 20:59:04.758,5.75683,5.75753,1.50,0.23
2011.12.06 20:59:05.244,5.75683,5.75887,1.50,1.50
2011.12.06 20:59:09.836,5.75683,5.75749,1.50,0.23
2011.12.06 20:59:10.424,5.75683,5.75748,1.50,0.23
2011.12.06 20:59:11.669,5.75683,5.75724,1.50,0.23
2011.12.06 20:59:15.187,5.75683,5.75728,1.50,0.23
2011.12.06 20:59:15.746,5.75683,5.75887,1.50,1.50
2011.12.06 20:59:15.969,5.75713,5.75911,1.50,1.50
2011.12.06 20:59:16.342,5.75713,5.75758,1.50,0.23
2011.12.06 20:59:16.740,5.75687,5.75749,1.50,0.23
2011.12.06 20:59:21.518,5.75635,5.75729,1.50,0.23
2011.12.06 20:59:21.628,5.75635,5.75698,1.50,0.23
2011.12.06 20:59:25.983,5.75606,5.75698,1.50,0.23
2011.12.06 20:59:26.540,5.75633,5.75698,1.50,0.23
2011.12.06 20:59:26.658,5.75633,5.75833,1.50,0.75
2011.12.06 20:59:38.558,5.75633,5.75723,1.50,0.23
2011.12.06 20:59:38.996,5.75633,5.75837,1.50,1.50
2011.12.06 20:59:41.152,5.75609,5.75719,1.50,0.23
2011.12.06 20:59:41.269,5.75606,5.75719,1.50,0.23
2011.12.06 20:59:42.460,5.75606,5.75698,1.50,0.23
2011.12.06 20:59:42.579,5.75608,5.75703,0.75,0.23
2011.12.06 20:59:42.700,5.75606,5.75704,1.50,0.23
2011.12.06 20:59:42.821,5.75635,5.75703,1.50,0.23
2011.12.06 20:59:42.939,5.75612,5.75703,1.50,0.23
2011.12.06 20:59:43.059,5.75607,5.75703,1.50,0.23
2011.12.06 20:59:44.257,5.75607,5.75698,1.50,0.23
2011.12.06 20:59:45.830,5.75607,5.75693,1.50,0.23
2011.12.06 20:59:46.290,5.75622,5.75693,1.50,0.23
2011.12.06 20:59:46.627,5.75646,5.75708,1.50,0.23
2011.12.06 20:59:46.858,5.7562,5.75708,1.50,0.23
2011.12.06 20:59:47.733,5.75588,5.75708,0.67,0.23
2011.12.06 20:59:47.852,5.75554,5.75678,1.50,0.23
2011.12.06 20:59:48.862,5.75554,5.75668,1.50,0.23
2011.12.06 20:59:51.434,5.75581,5.75668,1.50,0.23
2011.12.06 20:59:51.550,5.75581,5.75683,1.50,0.23
2011.12.06 20:59:51.780,5.75611,5.75683,1.50,0.23
2011.12.06 20:59:52.117,5.75611,5.75693,1.50,0.23
2011.12.06 20:59:53.309,5.75672,5.75693,1.50,0.23
2011.12.06 20:59:53.432,5.75672,5.75724,1.50,0.23
2011.12.06 20:59:53.660,5.75672,5.75739,1.50,0.23
2011.12.06 20:59:53.782,5.7571,5.75739,1.50,0.23
2011.12.06 20:59:56.561,5.7571,5.75744,1.50,0.23
2011.12.06 20:59:57.238,5.7571,5.75743,1.50,0.23
2011.12.06 20:59:57.462,5.7571,5.75754,1.50,0.23
2011.12.06 20:59:57.583,5.7574,5.75754,1.50,0.23
2011.12.06 20:59:58.471,5.75707,5.75756,1.50,0.23
2011.12.06 20:59:58.592,5.75707,5.75759,1.50,0.57
2011.12.06 20:59:59.352,5.75707,5.75758,1.50,0.23
2011.12.06 20:59:59.772,5.75719,5.75758,1.50,0.23
2011.12.06 20:59:59.908,5.75741,5.75947,1.50,1.50
