2011.05.24 09:00:00.093,5.56548,5.5672,3.00,3.75
2011.05.24 09:00:00.210,5.56549,5.56722,1.50,2.25
2011.05.24 09:00:00.733,5.56617,5.56743,1.13,2.25
2011.05.24 09:00:00.855,5.56826,5.56978,1.50,3.75
2011.05.24 09:00:00.969,5.56826,5.56978,1.50,3.75
2011.05.24 09:00:01.083,5.56826,5.57048,1.50,3.75
2011.05.24 09:00:01.199,5.56832,5.57067,1.50,4.50
2011.05.24 09:00:01.310,5.56832,5.57067,1.50,3.75
2011.05.24 09:00:01.422,5.56832,5.5707,1.50,3.75
2011.05.24 09:00:01.873,5.56845,5.57085,1.50,3.75
2011.05.24 09:00:01.989,5.56896,5.57097,1.50,4.50
2011.05.24 09:00:02.324,5.56879,5.57117,1.50,4.50
2011.05.24 09:00:02.439,5.56879,5.57117,1.50,4.50
2011.05.24 09:00:03.302,5.5688,5.57106,1.50,3.75
2011.05.24 09:00:03.420,5.5688,5.57108,1.50,3.75
2011.05.24 09:00:03.531,5.56879,5.57108,1.50,3.99
2011.05.24 09:00:03.749,5.56857,5.57105,1.50,4.74
2011.05.24 09:00:03.969,5.56857,5.57069,1.50,3.99
2011.05.24 09:00:04.191,5.56834,5.57062,1.50,3.75
2011.05.24 09:00:04.409,5.56834,5.57053,1.50,3.75
2011.05.24 09:00:04.630,5.56834,5.57058,1.50,3.75
2011.05.24 09:00:04.739,5.56802,5.57058,4.50,4.74
2011.05.24 09:00:04.850,5.56802,5.57058,4.50,4.74
2011.05.24 09:00:05.180,5.56796,5.57006,1.50,3.99
2011.05.24 09:00:05.508,5.56779,5.57006,1.50,3.99
2011.05.24 09:00:06.035,5.56812,5.57045,1.50,4.74
2011.05.24 09:00:06.149,5.56812,5.57045,1.50,4.74
2011.05.24 09:00:06.479,5.56812,5.5695,1.50,3.75
2011.05.24 09:00:06.808,5.56812,5.56933,1.50,2.25
2011.05.24 09:00:07.139,5.56803,5.56913,1.50,2.25
2011.05.24 09:00:07.250,5.56803,5.5692,1.50,3.75
2011.05.24 09:00:07.470,5.56803,5.56903,1.50,3.75
2011.05.24 09:00:07.909,5.56792,5.569,1.50,3.75
2011.05.24 09:00:08.020,5.56792,5.56904,1.50,3.75
2011.05.24 09:00:08.129,5.56792,5.56908,1.50,3.75
2011.05.24 09:00:08.349,5.56792,5.56912,1.50,2.25
2011.05.24 09:00:08.462,5.56799,5.56919,1.50,3.75
2011.05.24 09:00:08.570,5.56799,5.56896,1.50,3.75
2011.05.24 09:00:08.681,5.56783,5.56896,1.50,3.75
2011.05.24 09:00:08.789,5.56783,5.56872,1.50,3.75
2011.05.24 09:00:08.900,5.56761,5.56872,1.50,3.75
2011.05.24 09:00:09.011,5.56761,5.56868,1.50,3.75
2011.05.24 09:00:09.119,5.56761,5.56872,1.50,3.75
2011.05.24 09:00:10.308,5.56761,5.56875,1.50,3.75
2011.05.24 09:00:10.420,5.56761,5.56872,1.50,3.75
2011.05.24 09:00:10.641,5.5672,5.56872,1.50,3.75
2011.05.24 09:00:10.750,5.5672,5.56852,1.50,2.25
2011.05.24 09:00:11.078,5.5672,5.56828,1.50,3.75
2011.05.24 09:00:11.499,5.56678,5.56773,1.04,3.00
2011.05.24 09:00:11.615,5.56588,5.56745,1.67,4.50
2011.05.24 09:00:11.733,5.56588,5.56723,1.50,3.00
2011.05.24 09:00:11.963,5.56612,5.56743,1.50,2.25
2011.05.24 09:00:12.081,5.56612,5.56847,1.50,3.75
2011.05.24 09:00:12.191,5.56612,5.56847,1.50,4.50
2011.05.24 09:00:12.519,5.56628,5.56803,1.50,2.25
2011.05.24 09:00:13.070,5.56628,5.56802,1.50,2.25
2011.05.24 09:00:14.171,5.56628,5.56799,1.50,4.50
2011.05.24 09:00:14.498,5.56628,5.56733,1.50,2.90
2011.05.24 09:00:14.610,5.5661,5.56733,1.50,2.90
2011.05.24 09:00:15.160,5.5663,5.56733,1.50,2.25
2011.05.24 09:00:15.269,5.5663,5.56791,1.50,1.03
2011.05.24 09:00:15.379,5.56667,5.56793,1.23,2.25
2011.05.24 09:00:15.928,5.56665,5.56792,1.50,2.25
2011.05.24 09:00:16.040,5.56665,5.56802,1.50,2.25
2011.05.24 09:00:16.153,5.56698,5.56833,1.50,2.25
2011.05.24 09:00:16.711,5.5672,5.56832,1.23,2.25
2011.05.24 09:00:16.820,5.56728,5.56868,1.23,3.75
2011.05.24 09:00:17.038,5.56728,5.56873,1.23,2.25
2011.05.24 09:00:18.012,5.56728,5.56882,1.23,2.25
2011.05.24 09:00:18.133,5.56739,5.56882,1.23,2.25
2011.05.24 09:00:19.550,5.56758,5.5691,3.00,4.13
2011.05.24 09:00:19.770,5.56818,5.56969,2.25,4.03
2011.05.24 09:00:19.881,5.56847,5.56998,3.00,1.03
2011.05.24 09:00:20.209,5.56888,5.57033,1.50,2.53
2011.05.24 09:00:20.762,5.56888,5.57042,1.50,2.53
2011.05.24 09:00:21.209,5.569,5.57053,1.50,2.53
2011.05.24 09:00:22.246,5.56907,5.57053,1.50,2.25
2011.05.24 09:00:22.366,5.56922,5.57043,1.50,2.25
2011.05.24 09:00:22.481,5.56922,5.57062,1.50,2.25
2011.05.24 09:00:22.590,5.5691,5.57042,1.50,2.25
2011.05.24 09:00:23.142,5.5691,5.57042,1.50,2.25
2011.05.24 09:00:23.360,5.569,5.57042,1.50,3.00
2011.05.24 09:00:23.579,5.56859,5.57012,1.50,2.25
2011.05.24 09:00:23.691,5.56844,5.57005,1.50,1.03
2011.05.24 09:00:24.020,5.56844,5.56973,1.50,2.25
2011.05.24 09:00:24.239,5.56822,5.56973,1.50,2.53
2011.05.24 09:00:25.118,5.56822,5.56972,1.50,1.03
2011.05.24 09:00:25.449,5.56822,5.56962,1.50,2.53
2011.05.24 09:00:26.096,5.56788,5.56903,1.13,2.90
2011.05.24 09:00:26.210,5.56806,5.56933,1.13,2.25
2011.05.24 09:00:26.320,5.56827,5.56943,1.50,1.03
2011.05.24 09:00:26.870,5.56851,5.56963,1.50,2.53
2011.05.24 09:00:26.981,5.56827,5.56963,1.50,2.53
2011.05.24 09:00:27.201,5.56833,5.56952,1.50,2.53
2011.05.24 09:00:27.639,5.56824,5.56943,1.50,2.53
2011.05.24 09:00:28.078,5.56789,5.56912,1.50,2.53
2011.05.24 09:00:28.298,5.56786,5.56903,1.50,2.53
2011.05.24 09:00:29.618,5.56786,5.56913,1.50,2.53
2011.05.24 09:00:29.731,5.56798,5.56932,1.50,2.53
2011.05.24 09:00:29.838,5.56798,5.56925,1.50,1.03
2011.05.24 09:00:29.948,5.56798,5.56922,1.50,2.90
2011.05.24 09:00:30.552,5.56798,5.56912,1.50,2.53
2011.05.24 09:00:30.890,5.56798,5.56912,1.50,2.53
2011.05.24 09:00:31.220,5.5678,5.56893,1.50,2.53
2011.05.24 09:00:31.771,5.56814,5.56923,1.13,2.53
2011.05.24 09:00:31.882,5.56814,5.56923,1.13,2.25
2011.05.24 09:00:32.002,5.56815,5.56963,1.50,2.25
2011.05.24 09:00:32.119,5.56844,5.56972,1.50,2.53
2011.05.24 09:00:32.672,5.56844,5.56982,1.50,2.90
2011.05.24 09:00:33.228,5.56852,5.56983,1.50,1.03
2011.05.24 09:00:33.668,5.56853,5.57003,1.50,2.90
2011.05.24 09:00:34.559,5.56867,5.57018,1.50,1.03
2011.05.24 09:00:35.329,5.56891,5.57013,1.50,2.90
2011.05.24 09:00:36.123,5.56881,5.56992,1.50,1.03
2011.05.24 09:00:36.240,5.56881,5.56973,1.50,3.00
2011.05.24 09:00:36.350,5.5686,5.56973,1.50,3.00
2011.05.24 09:00:36.678,5.5686,5.56952,1.50,3.00
2011.05.24 09:00:37.369,5.56839,5.56963,1.50,3.00
2011.05.24 09:00:37.479,5.56839,5.56963,1.50,2.63
2011.05.24 09:00:37.591,5.56853,5.56973,1.50,3.00
2011.05.24 09:00:38.139,5.56853,5.56983,1.50,3.00
2011.05.24 09:00:38.865,5.56864,5.56993,1.50,3.00
2011.05.24 09:00:38.983,5.56864,5.56993,1.50,3.00
2011.05.24 09:00:39.211,5.56851,5.56972,1.50,3.00
2011.05.24 09:00:39.320,5.56851,5.56972,1.50,3.00
2011.05.24 09:00:39.430,5.56851,5.56983,1.88,2.25
2011.05.24 09:00:39.538,5.56851,5.57022,1.88,3.00
2011.05.24 09:00:39.649,5.56887,5.57038,3.00,1.13
2011.05.24 09:00:39.759,5.56906,5.57054,1.50,1.50
2011.05.24 09:00:39.982,5.56915,5.57072,1.50,1.50
2011.05.24 09:00:40.099,5.56899,5.57022,1.50,2.63
2011.05.24 09:00:41.203,5.56919,5.57053,1.50,3.00
2011.05.24 09:00:41.543,5.56919,5.57042,1.50,2.25
2011.05.24 09:00:42.098,5.56911,5.57042,1.50,2.25
2011.05.24 09:00:42.210,5.56911,5.57042,1.50,3.00
2011.05.24 09:00:43.449,5.56902,5.57033,1.50,2.63
2011.05.24 09:00:44.769,5.5691,5.57042,1.50,3.00
2011.05.24 09:00:45.429,5.56917,5.57053,1.50,2.63
2011.05.24 09:00:45.867,5.5693,5.57063,1.50,3.00
2011.05.24 09:00:46.420,5.56931,5.57073,1.50,3.75
2011.05.24 09:00:46.639,5.56921,5.57062,1.50,1.50
2011.05.24 09:00:46.861,5.56912,5.57043,1.50,2.63
2011.05.24 09:00:47.872,5.56941,5.57053,1.50,2.25
2011.05.24 09:00:47.985,5.56967,5.57103,1.50,3.00
2011.05.24 09:00:48.209,5.56967,5.57103,1.50,3.00
2011.05.24 09:00:48.320,5.56967,5.57082,1.50,2.25
2011.05.24 09:00:48.759,5.56957,5.57092,1.50,1.50
2011.05.24 09:00:48.872,5.56957,5.57083,1.50,3.75
2011.05.24 09:00:49.208,5.56926,5.57053,1.50,3.00
2011.05.24 09:00:49.428,5.56932,5.57053,1.13,2.25
2011.05.24 09:00:49.539,5.56926,5.57093,1.50,1.03
2011.05.24 09:00:49.761,5.56949,5.57082,1.50,2.63
2011.05.24 09:00:50.089,5.56949,5.57102,1.50,3.75
2011.05.24 09:00:51.058,5.56949,5.57082,1.50,3.00
2011.05.24 09:00:51.172,5.56956,5.57102,1.50,3.00
2011.05.24 09:00:52.010,5.56956,5.57102,1.50,3.75
2011.05.24 09:00:53.919,5.56956,5.57113,1.50,3.00
2011.05.24 09:00:56.289,5.56956,5.57093,1.50,1.50
2011.05.24 09:00:56.754,5.56956,5.57072,1.50,3.00
2011.05.24 09:00:56.866,5.56959,5.57112,1.50,3.00
2011.05.24 09:00:57.422,5.56973,5.5712,1.50,4.50
2011.05.24 09:00:57.540,5.56965,5.57103,1.50,3.00
2011.05.24 09:00:57.649,5.56965,5.57112,1.50,3.00
2011.05.24 09:00:57.869,5.56965,5.57102,1.50,3.00
2011.05.24 09:00:59.215,5.56955,5.57102,1.50,3.00
2011.05.24 09:01:00.039,5.56949,5.5707,1.50,1.35
2011.05.24 09:01:00.149,5.56949,5.57053,1.50,2.25
2011.05.24 09:01:00.257,5.56926,5.57053,1.50,2.25
2011.05.24 09:01:03.658,5.56919,5.57053,1.50,2.25
2011.05.24 09:01:04.108,5.56919,5.57043,1.50,2.25
2011.05.24 09:01:06.831,5.56919,5.57062,1.50,2.25
2011.05.24 09:01:07.441,5.56928,5.57062,1.50,2.25
2011.05.24 09:01:08.185,5.5698,5.57117,1.50,4.35
2011.05.24 09:01:08.298,5.56984,5.57137,1.50,4.73
2011.05.24 09:01:08.629,5.56984,5.57103,1.50,2.25
2011.05.24 09:01:09.491,5.56978,5.57113,1.23,2.25
2011.05.24 09:01:09.601,5.56974,5.57113,1.50,2.25
2011.05.24 09:01:09.709,5.56997,5.57102,1.23,2.25
2011.05.24 09:01:09.930,5.56982,5.57113,1.50,2.25
2011.05.24 09:01:10.040,5.56982,5.57113,1.50,2.25
2011.05.24 09:01:10.411,5.56998,5.57113,1.23,2.25
2011.05.24 09:01:10.630,5.57017,5.57132,1.23,2.25
2011.05.24 09:01:10.740,5.57017,5.57152,1.23,2.25
2011.05.24 09:01:11.225,5.57058,5.5717,1.23,3.75
2011.05.24 09:01:11.347,5.57058,5.57179,1.50,1.35
2011.05.24 09:01:11.679,5.57029,5.57179,1.50,1.35
2011.05.24 09:01:11.790,5.57029,5.57162,1.50,2.25
2011.05.24 09:01:12.118,5.5703,5.57162,1.50,2.63
2011.05.24 09:01:13.220,5.57022,5.57162,1.50,2.25
2011.05.24 09:01:14.232,5.57022,5.57163,1.50,2.25
2011.05.24 09:01:14.352,5.57038,5.57163,1.23,2.25
2011.05.24 09:01:14.876,5.57009,5.57102,1.50,1.03
2011.05.24 09:01:14.993,5.57003,5.57122,1.50,3.75
2011.05.24 09:01:15.110,5.57026,5.57145,1.50,3.75
2011.05.24 09:01:15.220,5.57039,5.57163,1.50,2.25
2011.05.24 09:01:15.438,5.57039,5.57182,1.50,2.63
2011.05.24 09:01:15.770,5.57039,5.57182,1.50,1.40
2011.05.24 09:01:15.989,5.57029,5.57172,1.50,2.25
2011.05.24 09:01:16.431,5.57044,5.5719,1.50,1.25
2011.05.24 09:01:16.650,5.57035,5.5719,1.50,1.35
2011.05.24 09:01:17.199,5.57035,5.5719,1.50,1.25
2011.05.24 09:01:17.531,5.57066,5.5719,1.13,1.25
2011.05.24 09:01:17.641,5.57076,5.57193,1.50,1.48
2011.05.24 09:01:17.761,5.57103,5.57193,1.50,1.20
2011.05.24 09:01:17.869,5.57092,5.57193,1.50,1.20
2011.05.24 09:01:17.979,5.57092,5.57232,1.50,2.90
2011.05.24 09:01:19.192,5.57092,5.57232,1.50,2.53
2011.05.24 09:01:19.529,5.57102,5.57244,1.50,1.25
2011.05.24 09:01:19.968,5.57102,5.57212,1.50,1.03
2011.05.24 09:01:20.190,5.57075,5.57193,1.50,3.00
2011.05.24 09:01:20.411,5.57061,5.57193,1.50,3.00
2011.05.24 09:01:20.849,5.57061,5.57193,1.50,3.00
2011.05.24 09:01:20.961,5.57061,5.57193,1.50,3.00
2011.05.24 09:01:22.149,5.57061,5.57199,1.50,1.35
2011.05.24 09:01:23.318,5.57061,5.57172,1.50,1.50
2011.05.24 09:01:23.538,5.57046,5.57172,1.50,1.50
2011.05.24 09:01:23.650,5.57046,5.57182,1.50,1.03
2011.05.24 09:01:24.999,5.57046,5.57182,1.50,4.03
2011.05.24 09:01:25.220,5.57055,5.57182,1.13,3.28
2011.05.24 09:01:25.332,5.57083,5.57182,1.50,3.28
2011.05.24 09:01:25.670,5.57101,5.57189,1.50,1.03
2011.05.24 09:01:26.160,5.57101,5.57235,1.50,1.35
2011.05.24 09:01:27.829,5.57101,5.57233,1.50,1.50
2011.05.24 09:01:28.220,5.57101,5.57223,1.50,1.50
2011.05.24 09:01:28.330,5.57168,5.57249,1.50,4.03
2011.05.24 09:01:28.443,5.57173,5.57249,1.50,4.03
2011.05.24 09:01:28.562,5.57173,5.57256,1.50,1.03
2011.05.24 09:01:28.681,5.57162,5.57243,1.50,1.03
2011.05.24 09:01:28.900,5.57162,5.57262,1.50,1.03
2011.05.24 09:01:29.231,5.57172,5.57292,1.50,3.75
2011.05.24 09:01:29.462,5.57145,5.57252,1.50,1.50
2011.05.24 09:01:29.581,5.57126,5.57262,1.50,1.78
2011.05.24 09:01:30.246,5.57126,5.57262,1.50,1.78
2011.05.24 09:01:30.583,5.57156,5.57263,1.50,1.03
2011.05.24 09:01:30.706,5.57135,5.57263,1.50,1.50
2011.05.24 09:01:30.931,5.57157,5.57262,1.50,1.03
2011.05.24 09:01:31.044,5.57157,5.57295,1.50,1.50
2011.05.24 09:01:31.709,5.57147,5.57272,1.50,1.50
2011.05.24 09:01:31.822,5.57147,5.57272,1.50,1.50
2011.05.24 09:01:32.158,5.57135,5.57262,1.50,1.78
2011.05.24 09:01:32.850,5.57135,5.57253,1.50,1.50
2011.05.24 09:01:32.959,5.57126,5.57253,1.50,1.50
2011.05.24 09:01:33.071,5.57126,5.57242,1.50,1.03
2011.05.24 09:01:33.399,5.5712,5.57242,1.50,1.03
2011.05.24 09:01:34.015,5.57111,5.57242,1.50,1.03
2011.05.24 09:01:34.242,5.57048,5.57157,1.50,1.35
2011.05.24 09:01:34.471,5.57027,5.57152,1.50,3.00
2011.05.24 09:01:34.695,5.56985,5.57112,1.50,3.00
2011.05.24 09:01:34.810,5.56985,5.57119,1.50,1.35
2011.05.24 09:01:36.881,5.56985,5.57119,1.50,1.35
2011.05.24 09:01:37.868,5.56985,5.57119,1.50,1.35
2011.05.24 09:01:39.322,5.56985,5.57119,1.50,1.35
2011.05.24 09:01:39.438,5.56972,5.57119,1.50,1.35
2011.05.24 09:01:40.509,5.56972,5.57113,1.50,3.00
2011.05.24 09:01:41.672,5.56972,5.57119,1.50,1.35
2011.05.24 09:01:43.780,5.56972,5.57119,1.50,1.35
2011.05.24 09:01:44.109,5.56979,5.57119,1.50,1.35
2011.05.24 09:01:44.873,5.57014,5.57133,1.50,2.25
2011.05.24 09:01:45.209,5.5699,5.57132,1.50,1.03
2011.05.24 09:01:45.428,5.57007,5.57153,4.50,1.35
2011.05.24 09:01:47.879,5.57014,5.57142,1.50,3.00
2011.05.24 09:01:48.100,5.57002,5.57132,1.50,3.00
2011.05.24 09:01:48.321,5.56993,5.57123,1.50,3.00
2011.05.24 09:01:50.280,5.56994,5.57122,1.50,3.00
2011.05.24 09:01:50.878,5.56994,5.57122,1.50,3.00
2011.05.24 09:01:51.208,5.56994,5.57113,1.50,3.00
2011.05.24 09:01:51.320,5.56982,5.57103,4.50,3.00
2011.05.24 09:01:52.308,5.56973,5.57113,1.50,3.60
2011.05.24 09:01:52.751,5.56973,5.57113,1.50,3.60
2011.05.24 09:01:52.860,5.56981,5.57113,1.50,3.00
2011.05.24 09:01:53.189,5.57002,5.57152,1.50,3.28
2011.05.24 09:01:53.521,5.57016,5.57153,1.50,3.00
2011.05.24 09:01:54.167,5.57023,5.57153,1.50,3.00
2011.05.24 09:01:55.021,5.57022,5.57159,1.50,1.35
2011.05.24 09:01:55.350,5.57031,5.57162,4.50,3.00
2011.05.24 09:01:55.572,5.5704,5.57173,1.50,3.00
2011.05.24 09:01:55.910,5.5705,5.57183,1.50,3.00
2011.05.24 09:01:57.149,5.5705,5.57182,1.50,3.00
2011.05.24 09:01:58.104,5.57061,5.57172,1.50,3.00
2011.05.24 09:01:58.225,5.57061,5.57193,1.50,3.00
2011.05.24 09:01:58.899,5.57061,5.57193,1.50,3.00
2011.05.24 09:02:00.988,5.57053,5.57182,1.50,3.00
2011.05.24 09:02:01.209,5.57053,5.57183,1.50,3.00
2011.05.24 09:02:03.009,5.57053,5.57192,1.50,3.00
2011.05.24 09:02:03.623,5.57053,5.57192,1.50,3.00
2011.05.24 09:02:03.959,5.57034,5.57172,1.50,1.50
2011.05.24 09:02:04.183,5.57034,5.57152,1.50,3.00
2011.05.24 09:02:04.300,5.57017,5.57153,1.50,3.28
2011.05.24 09:02:04.519,5.57017,5.57152,1.50,3.00
2011.05.24 09:02:04.849,5.57038,5.57173,1.50,3.00
2011.05.24 09:02:05.410,5.57027,5.57162,1.50,3.00
2011.05.24 09:02:06.360,5.57027,5.57152,1.50,3.00
2011.05.24 09:02:06.984,5.57043,5.57163,1.50,3.00
2011.05.24 09:02:07.101,5.57043,5.57163,1.50,3.00
2011.05.24 09:02:07.322,5.57043,5.57172,1.50,3.75
2011.05.24 09:02:07.549,5.57032,5.57153,1.50,3.00
2011.05.24 09:02:09.910,5.57032,5.57153,1.50,3.00
2011.05.24 09:02:10.239,5.57032,5.57153,1.50,3.28
2011.05.24 09:02:11.298,5.57021,5.57153,1.50,3.00
2011.05.24 09:02:12.579,5.57021,5.57142,1.50,3.00
2011.05.24 09:02:13.240,5.57021,5.57133,1.50,3.75
2011.05.24 09:02:13.571,5.56978,5.57102,4.50,3.00
2011.05.24 09:02:13.900,5.56964,5.57092,1.50,1.50
2011.05.24 09:02:14.011,5.56964,5.57082,1.50,3.00
2011.05.24 09:02:14.230,5.56951,5.57073,4.50,3.00
2011.05.24 09:02:15.002,5.56949,5.57073,1.50,3.00
2011.05.24 09:02:15.450,5.56949,5.57093,1.50,3.00
2011.05.24 09:02:15.669,5.56957,5.57093,1.50,3.00
2011.05.24 09:02:15.889,5.56957,5.57082,1.50,3.00
2011.05.24 09:02:16.436,5.56968,5.57093,1.50,3.28
2011.05.24 09:02:16.554,5.57007,5.57142,3.00,1.13
2011.05.24 09:02:16.782,5.57012,5.57183,4.50,3.00
2011.05.24 09:02:17.922,5.57031,5.57182,4.50,3.00
2011.05.24 09:02:18.759,5.57037,5.57223,3.00,3.00
2011.05.24 09:02:20.397,5.57029,5.57212,1.50,3.00
2011.05.24 09:02:20.516,5.57029,5.57193,1.50,3.00
2011.05.24 09:02:21.730,5.57029,5.57183,1.50,3.00
2011.05.24 09:02:22.279,5.57045,5.57212,1.50,3.00
2011.05.24 09:02:22.610,5.57056,5.57202,1.13,3.00
2011.05.24 09:02:23.100,5.57056,5.57203,1.13,3.00
2011.05.24 09:02:25.149,5.57048,5.57203,1.13,3.00
2011.05.24 09:02:25.549,5.57042,5.57203,1.50,3.00
2011.05.24 09:02:25.661,5.57051,5.57193,1.13,3.00
2011.05.24 09:02:25.879,5.57051,5.57203,1.88,3.00
2011.05.24 09:02:26.839,5.57051,5.57182,1.50,1.13
2011.05.24 09:02:27.930,5.57052,5.57182,1.50,3.38
2011.05.24 09:02:28.260,5.57051,5.57172,1.50,3.00
2011.05.24 09:02:29.139,5.5704,5.57153,1.50,3.00
2011.05.24 09:02:30.159,5.5704,5.57153,1.50,3.00
2011.05.24 09:02:33.790,5.5704,5.57153,1.50,3.00
2011.05.24 09:02:33.899,5.5704,5.57153,1.50,3.00
2011.05.24 09:02:34.859,5.57026,5.57132,1.50,3.00
2011.05.24 09:02:35.691,5.57018,5.57082,1.50,1.35
2011.05.24 09:02:36.256,5.56978,5.57082,1.50,1.35
2011.05.24 09:02:36.379,5.56976,5.57103,1.50,3.00
2011.05.24 09:02:36.819,5.56988,5.57103,1.50,3.00
2011.05.24 09:02:37.989,5.56988,5.57113,1.50,3.00
2011.05.24 09:02:38.100,5.56988,5.57113,1.50,3.00
2011.05.24 09:02:38.210,5.57002,5.57131,1.50,1.35
2011.05.24 09:02:38.790,5.5701,5.57143,1.50,3.00
2011.05.24 09:02:39.479,5.5701,5.57143,1.50,3.00
2011.05.24 09:02:40.821,5.5701,5.57143,1.50,3.00
2011.05.24 09:02:41.672,5.5701,5.57143,1.50,3.00
2011.05.24 09:02:42.229,5.57,5.57133,1.50,3.00
2011.05.24 09:02:42.669,5.57011,5.57113,1.50,3.00
2011.05.24 09:02:42.889,5.56995,5.57113,1.50,3.00
2011.05.24 09:02:43.439,5.57001,5.57132,1.50,3.00
2011.05.24 09:02:43.768,5.57001,5.57133,1.50,3.00
2011.05.24 09:02:44.662,5.57001,5.57113,1.50,3.00
2011.05.24 09:02:44.781,5.56987,5.57113,1.50,3.00
2011.05.24 09:02:45.549,5.56987,5.57103,1.50,3.00
2011.05.24 09:02:45.768,5.56994,5.57103,1.50,3.00
2011.05.24 09:02:48.678,5.56994,5.57122,1.50,3.28
2011.05.24 09:02:50.370,5.56994,5.57122,1.50,1.03
2011.05.24 09:02:51.732,5.56994,5.57122,1.50,1.03
2011.05.24 09:02:53.308,5.56994,5.57113,1.50,3.00
2011.05.24 09:02:53.529,5.56988,5.57103,1.50,3.00
2011.05.24 09:02:55.491,5.56988,5.57102,1.50,3.00
2011.05.24 09:02:59.280,5.56988,5.57102,1.50,3.00
2011.05.24 09:02:59.720,5.57,5.57133,1.50,3.00
2011.05.24 09:03:00.301,5.57007,5.57133,1.50,3.00
2011.05.24 09:03:00.520,5.57023,5.57143,1.50,3.00
2011.05.24 09:03:00.848,5.57023,5.57133,1.50,3.00
2011.05.24 09:03:01.180,5.57005,5.57132,1.50,3.00
2011.05.24 09:03:01.290,5.57005,5.57132,1.50,3.00
2011.05.24 09:03:02.614,5.57005,5.57122,1.50,3.00
2011.05.24 09:03:03.449,5.57005,5.57122,1.50,3.00
2011.05.24 09:03:04.600,5.57005,5.57122,1.50,3.00
2011.05.24 09:03:07.009,5.57005,5.57132,1.50,3.00
2011.05.24 09:03:07.230,5.57005,5.57132,1.50,3.00
2011.05.24 09:03:07.563,5.57039,5.57163,1.50,3.00
2011.05.24 09:03:07.681,5.57049,5.57163,1.13,2.63
2011.05.24 09:03:07.902,5.57079,5.57172,1.50,3.00
2011.05.24 09:03:08.567,5.57099,5.57193,1.50,1.16
2011.05.24 09:03:09.240,5.57099,5.57193,1.50,1.34
2011.05.24 09:03:10.228,5.57099,5.57213,1.50,3.00
2011.05.24 09:03:10.451,5.57122,5.57213,1.50,2.63
2011.05.24 09:03:10.671,5.57127,5.57243,1.50,3.00
2011.05.24 09:03:11.620,5.5714,5.57252,1.13,2.63
2011.05.24 09:03:11.950,5.57165,5.57293,1.50,3.00
2011.05.24 09:03:12.676,5.57173,5.57302,1.50,3.00
2011.05.24 09:03:12.898,5.57173,5.57302,1.50,3.00
2011.05.24 09:03:13.449,5.57184,5.57302,1.50,3.00
2011.05.24 09:03:14.520,5.57184,5.57302,1.50,3.00
2011.05.24 09:03:16.491,5.57184,5.57302,1.50,3.00
2011.05.24 09:03:17.540,5.57184,5.57302,1.50,3.00
2011.05.24 09:03:18.186,5.57159,5.57292,1.50,3.00
2011.05.24 09:03:18.992,5.57177,5.57292,1.50,3.00
2011.05.24 09:03:19.341,5.57177,5.57292,1.50,3.00
2011.05.24 09:03:19.564,5.57145,5.57262,1.50,3.00
2011.05.24 09:03:19.791,5.57145,5.57252,1.50,3.00
2011.05.24 09:03:20.119,5.57145,5.57262,1.50,3.00
2011.05.24 09:03:21.310,5.57146,5.57262,1.50,3.00
2011.05.24 09:03:22.940,5.57146,5.57262,1.50,3.00
2011.05.24 09:03:23.379,5.5717,5.57292,1.50,3.00
2011.05.24 09:03:23.708,5.5717,5.57262,1.50,3.00
2011.05.24 09:03:23.819,5.5717,5.57262,1.50,3.00
2011.05.24 09:03:24.781,5.57158,5.57262,1.50,3.00
2011.05.24 09:03:25.000,5.57145,5.57252,1.50,3.00
2011.05.24 09:03:27.956,5.57137,5.57253,1.50,3.00
2011.05.24 09:03:28.460,5.57137,5.57253,1.50,3.00
2011.05.24 09:03:28.680,5.57127,5.57243,1.50,3.00
2011.05.24 09:03:28.899,5.57117,5.57243,1.50,3.00
2011.05.24 09:03:29.009,5.57117,5.57188,1.50,1.35
2011.05.24 09:03:29.230,5.57067,5.57172,3.00,1.03
2011.05.24 09:03:29.341,5.57067,5.57183,3.00,1.03
2011.05.24 09:03:29.560,5.57048,5.57172,1.50,1.50
2011.05.24 09:03:30.109,5.57027,5.57162,1.88,3.28
2011.05.24 09:03:30.220,5.57027,5.57162,1.50,3.28
2011.05.24 09:03:30.549,5.5703,5.57162,1.13,1.03
2011.05.24 09:03:30.662,5.5703,5.57182,1.13,1.03
2011.05.24 09:03:31.205,5.57041,5.57183,1.50,3.00
2011.05.24 09:03:31.321,5.57055,5.57182,1.50,3.00
2011.05.24 09:03:31.429,5.57055,5.57182,1.50,3.00
2011.05.24 09:03:31.649,5.57069,5.57182,1.13,2.63
2011.05.24 09:03:31.760,5.57082,5.57193,1.13,2.63
2011.05.24 09:03:31.980,5.57096,5.57212,1.50,3.00
2011.05.24 09:03:33.480,5.57096,5.57222,1.50,3.00
2011.05.24 09:03:34.258,5.57103,5.57222,1.50,3.00
2011.05.24 09:03:34.911,5.57103,5.57213,1.50,3.00
2011.05.24 09:03:35.129,5.57103,5.57202,1.50,4.50
2011.05.24 09:03:35.242,5.57096,5.57187,1.50,1.35
2011.05.24 09:03:35.361,5.57073,5.57152,1.50,2.25
2011.05.24 09:03:35.819,5.5705,5.57152,1.50,2.25
2011.05.24 09:03:35.938,5.5705,5.57182,1.50,2.63
2011.05.24 09:03:36.493,5.57065,5.57182,1.50,2.25
2011.05.24 09:03:36.611,5.57079,5.57263,1.35,1.03
2011.05.24 09:03:36.721,5.57079,5.57295,1.35,1.11
2011.05.24 09:03:36.941,5.57075,5.57222,1.50,4.35
2011.05.24 09:03:37.271,5.57059,5.57173,1.50,3.00
2011.05.24 09:03:38.669,5.57059,5.57173,1.50,3.00
2011.05.24 09:03:38.998,5.57059,5.57173,1.50,3.00
2011.05.24 09:03:39.659,5.57052,5.57182,1.50,3.00
2011.05.24 09:03:39.770,5.57059,5.57193,1.50,3.00
2011.05.24 09:03:40.099,5.57073,5.57203,1.50,3.00
2011.05.24 09:03:40.429,5.5708,5.57203,1.50,3.00
2011.05.24 09:03:41.090,5.5708,5.57203,1.50,3.00
2011.05.24 09:03:41.313,5.57068,5.57172,1.50,3.00
2011.05.24 09:03:41.540,5.57042,5.57172,1.13,3.00
2011.05.24 09:03:41.652,5.5704,5.57163,1.50,3.00
2011.05.24 09:03:41.991,5.5704,5.57163,1.50,3.00
2011.05.24 09:03:42.209,5.57051,5.57192,1.50,3.00
2011.05.24 09:03:42.650,5.57045,5.57173,1.50,3.00
2011.05.24 09:03:43.219,5.57045,5.57173,1.50,3.00
2011.05.24 09:03:44.141,5.57059,5.57172,1.13,2.63
2011.05.24 09:03:44.250,5.57069,5.57172,1.50,2.63
2011.05.24 09:03:45.506,5.57069,5.57201,1.50,1.35
2011.05.24 09:03:45.849,5.57063,5.57173,1.50,3.00
2011.05.24 09:03:46.069,5.57063,5.57173,1.50,3.00
2011.05.24 09:03:46.939,5.57063,5.57173,1.50,3.00
2011.05.24 09:03:47.050,5.57063,5.57173,1.50,3.00
2011.05.24 09:03:47.165,5.57055,5.57172,1.50,3.00
2011.05.24 09:03:47.721,5.57055,5.57173,1.50,3.00
2011.05.24 09:03:48.880,5.57044,5.57173,1.50,3.00
2011.05.24 09:03:49.211,5.57044,5.57173,1.50,3.00
2011.05.24 09:03:49.429,5.57037,5.57172,1.50,3.00
2011.05.24 09:03:49.887,5.57037,5.57172,1.50,3.00
2011.05.24 09:03:50.008,5.5704,5.57133,1.50,2.25
2011.05.24 09:03:50.119,5.57046,5.57173,1.50,3.00
2011.05.24 09:03:51.093,5.57046,5.57172,1.50,3.00
2011.05.24 09:03:51.350,5.57057,5.57172,1.13,2.63
2011.05.24 09:03:51.459,5.57069,5.57172,1.50,2.63
2011.05.24 09:03:52.009,5.57069,5.57192,1.50,3.00
2011.05.24 09:03:53.492,5.57057,5.57173,1.50,3.00
2011.05.24 09:03:53.830,5.57057,5.57162,1.50,3.00
2011.05.24 09:03:54.925,5.57048,5.57162,1.50,3.00
2011.05.24 09:03:55.822,5.57048,5.57162,1.50,3.00
2011.05.24 09:03:56.161,5.57029,5.57163,1.50,3.00
2011.05.24 09:03:56.489,5.57029,5.57152,1.50,3.00
2011.05.24 09:03:56.603,5.57029,5.57142,1.50,3.00
2011.05.24 09:03:57.269,5.57022,5.57152,1.88,3.00
2011.05.24 09:03:59.042,5.57037,5.57163,1.50,3.00
2011.05.24 09:03:59.160,5.57021,5.57163,1.50,3.00
2011.05.24 09:04:00.160,5.57021,5.57133,1.50,3.00
2011.05.24 09:04:01.799,5.57021,5.57133,1.50,3.00
2011.05.24 09:04:02.129,5.57014,5.57123,1.50,3.00
2011.05.24 09:04:02.521,5.57025,5.57123,1.13,2.25
2011.05.24 09:04:02.631,5.57034,5.57172,1.50,3.28
2011.05.24 09:04:03.976,5.57021,5.57162,1.50,3.00
2011.05.24 09:04:04.639,5.57011,5.57152,1.50,3.00
2011.05.24 09:04:07.251,5.57005,5.57132,1.13,3.00
2011.05.24 09:04:07.359,5.57024,5.57152,1.13,3.00
2011.05.24 09:04:07.471,5.57026,5.57172,1.50,3.00
2011.05.24 09:04:10.057,5.57026,5.57172,1.50,3.00
2011.05.24 09:04:12.369,5.5706,5.57172,1.35,2.25
2011.05.24 09:04:12.480,5.57087,5.5722,3.00,1.13
2011.05.24 09:04:12.589,5.57087,5.57253,3.00,3.00
2011.05.24 09:04:12.699,5.57087,5.57253,3.00,2.25
2011.05.24 09:04:12.919,5.57166,5.57293,3.75,2.53
2011.05.24 09:04:13.029,5.5718,5.57316,3.75,1.03
2011.05.24 09:04:13.712,5.57217,5.57323,2.10,3.00
2011.05.24 09:04:14.371,5.57217,5.57343,2.10,3.00
2011.05.24 09:04:14.589,5.57217,5.57343,2.10,3.00
2011.05.24 09:04:15.579,5.57187,5.57333,3.75,3.00
2011.05.24 09:04:17.306,5.57187,5.57333,3.75,3.00
2011.05.24 09:04:17.639,5.57168,5.57342,2.85,3.00
2011.05.24 09:04:18.470,5.57168,5.57342,2.85,3.00
2011.05.24 09:04:19.588,5.57168,5.57333,1.35,3.00
2011.05.24 09:04:20.680,5.57192,5.57322,2.10,2.90
2011.05.24 09:04:20.899,5.57192,5.57325,2.10,1.03
2011.05.24 09:04:21.010,5.57192,5.57333,2.10,2.53
2011.05.24 09:04:26.558,5.57188,5.57348,2.25,1.03
2011.05.24 09:04:28.564,5.57188,5.57347,3.00,1.03
2011.05.24 09:04:37.240,5.57202,5.57321,1.50,1.03
2011.05.24 09:04:37.348,5.57202,5.57321,1.50,1.03
2011.05.24 09:04:39.439,5.57202,5.57329,1.50,1.03
2011.05.24 09:04:42.079,5.57256,5.57329,2.10,1.03
2011.05.24 09:04:42.518,5.57202,5.57329,1.50,1.03
2011.05.24 09:04:43.854,5.57202,5.57318,1.50,1.03
2011.05.24 09:04:43.971,5.57192,5.57312,1.50,2.53
2011.05.24 09:04:44.630,5.57204,5.57331,1.50,1.03
2011.05.24 09:04:44.851,5.57204,5.57323,1.50,1.03
2011.05.24 09:04:45.070,5.57204,5.57325,1.50,1.03
2011.05.24 09:04:45.180,5.57216,5.57325,1.50,1.03
2011.05.24 09:04:45.918,5.57216,5.57342,1.50,3.00
2011.05.24 09:04:46.029,5.57208,5.57342,1.50,3.00
2011.05.24 09:04:46.460,5.57232,5.57342,2.85,3.00
2011.05.24 09:04:46.578,5.57208,5.57342,1.50,3.00
2011.05.24 09:04:47.390,5.57208,5.57342,1.50,3.00
2011.05.24 09:04:49.652,5.57227,5.57343,1.35,3.00
2011.05.24 09:04:54.001,5.57232,5.57323,1.35,3.00
2011.05.24 09:04:54.221,5.57194,5.57303,1.50,2.63
2011.05.24 09:04:54.329,5.57194,5.57303,1.50,2.25
2011.05.24 09:04:54.440,5.57194,5.57323,1.50,3.00
2011.05.24 09:04:54.659,5.57194,5.57353,1.50,2.53
2011.05.24 09:04:54.989,5.57207,5.57343,1.23,2.25
2011.05.24 09:04:55.210,5.57195,5.57343,1.50,2.25
2011.05.24 09:04:55.432,5.57177,5.57322,1.50,2.25
2011.05.24 09:04:55.552,5.57157,5.57312,1.50,2.25
2011.05.24 09:04:56.347,5.57157,5.57312,1.50,2.25
2011.05.24 09:04:56.465,5.57148,5.57303,1.23,2.25
2011.05.24 09:04:56.799,5.57206,5.57352,1.50,3.00
2011.05.24 09:04:56.912,5.57206,5.57352,1.50,3.00
2011.05.24 09:04:57.035,5.57254,5.57352,2.10,3.00
2011.05.24 09:04:57.149,5.57224,5.57352,1.50,3.00
2011.05.24 09:04:57.262,5.57224,5.57363,1.50,3.00
2011.05.24 09:04:57.794,5.57236,5.57363,1.50,3.00
2011.05.24 09:04:58.362,5.57236,5.57363,1.50,3.00
2011.05.24 09:05:00.540,5.57253,5.57383,1.50,3.00
2011.05.24 09:05:01.689,5.57253,5.57383,1.50,3.00
2011.05.24 09:05:02.241,5.57253,5.57372,1.50,3.00
2011.05.24 09:05:02.352,5.57241,5.57353,1.50,3.00
2011.05.24 09:05:02.470,5.57241,5.57372,1.50,3.00
2011.05.24 09:05:02.799,5.5724,5.57393,1.50,3.00
2011.05.24 09:05:03.299,5.57255,5.57393,1.50,3.00
2011.05.24 09:05:03.633,5.57289,5.57393,1.35,3.00
2011.05.24 09:05:04.369,5.57289,5.57393,1.35,3.00
2011.05.24 09:05:05.160,5.57296,5.57402,1.35,3.00
2011.05.24 09:05:05.272,5.57296,5.57402,1.35,3.00
2011.05.24 09:05:05.380,5.57297,5.57423,1.35,3.00
2011.05.24 09:05:06.440,5.57288,5.57413,1.50,3.00
2011.05.24 09:05:08.088,5.57288,5.57392,1.50,3.00
2011.05.24 09:05:08.201,5.5726,5.57372,1.50,3.00
2011.05.24 09:05:08.309,5.5726,5.57372,1.50,3.00
2011.05.24 09:05:08.640,5.57229,5.57342,1.50,3.00
2011.05.24 09:05:08.862,5.5722,5.57342,1.50,3.00
2011.05.24 09:05:08.973,5.5722,5.57342,1.50,3.00
2011.05.24 09:05:09.309,5.5721,5.57312,1.50,3.00
2011.05.24 09:05:09.847,5.5721,5.57312,1.50,3.28
2011.05.24 09:05:09.968,5.57177,5.57282,1.50,3.00
2011.05.24 09:05:10.082,5.57177,5.57282,1.50,3.00
2011.05.24 09:05:10.422,5.57191,5.57313,1.50,3.00
2011.05.24 09:05:10.541,5.5719,5.57321,1.50,1.35
2011.05.24 09:05:11.962,5.57191,5.57313,1.13,3.00
2011.05.24 09:05:12.188,5.5719,5.57313,1.50,3.00
2011.05.24 09:05:12.300,5.5719,5.57293,1.50,3.00
2011.05.24 09:05:13.471,5.57206,5.57293,1.13,2.25
2011.05.24 09:05:13.692,5.57198,5.57321,1.50,1.35
2011.05.24 09:05:13.911,5.57198,5.57321,1.50,1.35
2011.05.24 09:05:14.129,5.57207,5.57321,1.50,1.35
2011.05.24 09:05:14.460,5.57211,5.57323,1.13,3.23
2011.05.24 09:05:14.927,5.57197,5.57313,1.50,3.00
2011.05.24 09:05:15.500,5.57171,5.57292,1.50,3.00
2011.05.24 09:05:15.718,5.57171,5.57292,1.50,3.00
2011.05.24 09:05:16.610,5.57171,5.57292,1.50,3.00
2011.05.24 09:05:17.411,5.57146,5.57281,1.50,1.35
2011.05.24 09:05:17.527,5.57146,5.57273,1.50,1.03
2011.05.24 09:05:17.644,5.57137,5.57253,1.50,3.00
2011.05.24 09:05:18.200,5.57137,5.57262,1.50,3.00
2011.05.24 09:05:18.910,5.57143,5.57262,1.13,3.00
2011.05.24 09:05:19.668,5.57159,5.57291,1.50,1.35
2011.05.24 09:05:19.786,5.57177,5.57291,1.13,1.35
2011.05.24 09:05:20.122,5.57148,5.57281,1.13,1.35
2011.05.24 09:05:20.243,5.57148,5.57281,1.13,1.35
2011.05.24 09:05:20.799,5.57159,5.57281,1.50,1.35
2011.05.24 09:05:20.911,5.57164,5.57281,1.13,1.35
2011.05.24 09:05:21.650,5.57178,5.57293,1.13,3.23
2011.05.24 09:05:21.760,5.57178,5.57293,1.13,3.23
2011.05.24 09:05:21.870,5.57178,5.57303,1.13,3.00
2011.05.24 09:05:21.980,5.57169,5.57292,1.50,1.03
2011.05.24 09:05:22.198,5.5715,5.57272,1.50,2.63
2011.05.24 09:05:22.750,5.57159,5.57292,1.50,2.53
2011.05.24 09:05:22.859,5.57159,5.57292,1.50,3.28
2011.05.24 09:05:23.871,5.57164,5.57292,1.13,2.63
2011.05.24 09:05:24.090,5.5717,5.57292,1.50,2.63
2011.05.24 09:05:24.311,5.57164,5.57293,1.13,2.63
2011.05.24 09:05:25.005,5.57164,5.57283,1.13,2.25
2011.05.24 09:05:25.338,5.57162,5.57283,1.50,2.63
2011.05.24 09:05:25.902,5.57186,5.57293,1.13,2.25
2011.05.24 09:05:26.022,5.57187,5.57323,1.13,3.00
2011.05.24 09:05:26.264,5.57206,5.57329,1.50,1.35
2011.05.24 09:05:26.601,5.57208,5.57329,1.50,1.35
2011.05.24 09:05:26.819,5.57198,5.57329,1.50,1.35
2011.05.24 09:05:27.719,5.57222,5.57332,1.50,2.25
2011.05.24 09:05:27.941,5.57208,5.57338,3.00,1.35
2011.05.24 09:05:28.050,5.57232,5.57332,1.50,3.00
2011.05.24 09:05:28.269,5.57204,5.57332,1.50,3.00
2011.05.24 09:05:29.814,5.57191,5.57332,1.50,3.00
2011.05.24 09:05:29.931,5.57185,5.57293,1.13,2.25
2011.05.24 09:05:30.606,5.57179,5.57292,1.50,2.63
2011.05.24 09:05:30.727,5.57164,5.57282,1.50,3.00
2011.05.24 09:05:30.839,5.5716,5.57282,1.13,3.00
2011.05.24 09:05:31.059,5.5716,5.57282,1.13,3.00
2011.05.24 09:05:31.910,5.57156,5.57282,1.50,3.00
2011.05.24 09:05:32.019,5.57168,5.57282,1.13,3.00
2011.05.24 09:05:32.349,5.5717,5.57301,1.50,1.35
2011.05.24 09:05:32.929,5.57173,5.5732,1.13,1.35
2011.05.24 09:05:33.040,5.57188,5.5732,1.50,1.35
2011.05.24 09:05:38.259,5.57188,5.57332,1.50,1.03
2011.05.24 09:05:38.589,5.57188,5.57332,1.50,1.03
2011.05.24 09:05:38.808,5.57194,5.57335,1.50,1.35
2011.05.24 09:05:40.308,5.57194,5.57335,1.50,1.35
2011.05.24 09:05:40.639,5.57201,5.57335,1.13,1.35
2011.05.24 09:05:40.858,5.57206,5.57335,1.50,1.35
2011.05.24 09:05:44.390,5.57206,5.57338,1.88,1.35
2011.05.24 09:05:44.939,5.57214,5.57338,1.50,1.35
2011.05.24 09:05:45.448,5.57214,5.57338,1.50,1.35
2011.05.24 09:05:45.998,5.57214,5.57337,1.50,1.35
2011.05.24 09:05:46.108,5.57214,5.57378,1.50,1.03
2011.05.24 09:05:46.550,5.57237,5.57357,1.50,1.03
2011.05.24 09:05:46.771,5.57245,5.57378,1.13,1.03
2011.05.24 09:05:46.991,5.57251,5.57378,1.50,1.03
2011.05.24 09:05:47.773,5.57262,5.57393,1.13,1.25
2011.05.24 09:05:47.889,5.57262,5.57433,1.13,1.03
2011.05.24 09:05:48.001,5.57261,5.57433,1.13,1.03
2011.05.24 09:05:48.109,5.57289,5.57433,1.50,1.03
2011.05.24 09:05:48.439,5.57289,5.57433,1.50,1.03
2011.05.24 09:05:48.699,5.57289,5.57433,1.50,1.03
2011.05.24 09:05:48.918,5.57277,5.57433,1.50,1.03
2011.05.24 09:05:49.729,5.57286,5.57433,1.13,1.03
2011.05.24 09:05:49.948,5.57286,5.57433,1.13,1.03
2011.05.24 09:05:50.341,5.57311,5.57433,1.13,1.03
2011.05.24 09:05:50.559,5.5731,5.57443,1.13,1.35
2011.05.24 09:05:50.670,5.5731,5.57443,1.13,1.35
2011.05.24 09:05:51.748,5.57316,5.57443,1.50,1.35
2011.05.24 09:05:54.208,5.57316,5.57438,1.50,1.35
2011.05.24 09:05:55.189,5.57294,5.57434,1.50,1.35
2011.05.24 09:05:55.932,5.57287,5.57423,1.50,1.03
2011.05.24 09:05:56.049,5.57303,5.57434,1.13,1.35
2011.05.24 09:05:56.162,5.57303,5.57434,1.13,1.35
2011.05.24 09:05:57.308,5.57296,5.57434,1.13,1.35
2011.05.24 09:06:01.502,5.57296,5.57434,1.13,1.35
2011.05.24 09:06:02.312,5.57293,5.57434,1.13,1.35
2011.05.24 09:06:04.791,5.57298,5.57434,1.13,1.35
2011.05.24 09:06:05.531,5.57288,5.57434,1.50,1.35
2011.05.24 09:06:06.449,5.57301,5.57432,1.50,1.03
2011.05.24 09:06:06.779,5.5731,5.57432,1.50,1.03
2011.05.24 09:06:07.739,5.5731,5.57434,1.50,1.25
2011.05.24 09:06:07.960,5.57317,5.57464,1.13,1.03
2011.05.24 09:06:08.071,5.57345,5.57472,1.50,1.03
2011.05.24 09:06:09.280,5.57345,5.57472,1.50,1.03
2011.05.24 09:06:10.559,5.57338,5.57472,1.50,1.03
2011.05.24 09:06:10.780,5.57338,5.57453,1.50,1.03
2011.05.24 09:06:12.121,5.57339,5.5747,1.13,1.03
2011.05.24 09:06:12.339,5.57343,5.57473,1.50,1.03
2011.05.24 09:06:12.449,5.57326,5.57473,1.50,1.03
2011.05.24 09:06:12.779,5.57342,5.57482,1.88,1.35
2011.05.24 09:06:13.110,5.57355,5.57482,1.50,1.35
2011.05.24 09:06:14.273,5.57355,5.57482,1.50,1.35
2011.05.24 09:06:15.372,5.57355,5.57472,1.50,1.03
2011.05.24 09:06:15.710,5.57328,5.57453,1.50,1.03
2011.05.24 09:06:17.570,5.57328,5.57436,1.50,1.03
2011.05.24 09:06:17.900,5.57307,5.57436,1.50,1.03
2011.05.24 09:06:18.340,5.57307,5.57452,1.50,1.03
2011.05.24 09:06:18.559,5.57314,5.57452,1.50,1.03
2011.05.24 09:06:19.491,5.57314,5.57442,1.50,1.03
2011.05.24 09:06:20.702,5.57314,5.57432,1.50,1.03
2011.05.24 09:06:21.140,5.57304,5.57432,1.50,1.03
2011.05.24 09:06:21.782,5.57304,5.57432,1.50,1.03
2011.05.24 09:06:22.944,5.57304,5.57432,1.50,1.03
2011.05.24 09:06:24.031,5.57294,5.57432,1.50,1.03
2011.05.24 09:06:25.911,5.57294,5.57432,1.50,1.03
2011.05.24 09:06:27.270,5.57301,5.57432,1.50,1.03
2011.05.24 09:06:28.264,5.57301,5.57432,1.50,1.03
2011.05.24 09:06:30.151,5.57301,5.57432,1.50,1.03
2011.05.24 09:06:32.791,5.57301,5.57432,1.50,1.03
2011.05.24 09:06:36.010,5.57293,5.57412,1.50,1.03
2011.05.24 09:06:39.099,5.57286,5.57412,1.50,1.03
2011.05.24 09:06:39.209,5.57286,5.57412,1.50,1.03
2011.05.24 09:06:40.913,5.57272,5.57393,1.50,1.03
2011.05.24 09:06:41.032,5.57272,5.57393,1.50,1.03
2011.05.24 09:06:41.930,5.57272,5.57393,1.50,1.03
2011.05.24 09:06:43.792,5.57272,5.57414,1.50,1.35
2011.05.24 09:06:43.900,5.57281,5.57414,1.13,1.35
2011.05.24 09:06:44.121,5.57287,5.57414,1.50,1.35
2011.05.24 09:06:45.669,5.57287,5.57414,1.50,1.35
2011.05.24 09:06:47.312,5.57306,5.57442,1.50,1.03
2011.05.24 09:06:48.281,5.57316,5.57452,1.50,1.35
2011.05.24 09:06:48.612,5.57319,5.57452,1.13,1.35
2011.05.24 09:06:49.490,5.57316,5.57452,1.50,1.35
2011.05.24 09:06:49.711,5.57303,5.57452,1.50,1.35
2011.05.24 09:06:50.389,5.57321,5.57452,1.13,1.35
2011.05.24 09:06:50.610,5.57321,5.57452,1.13,1.35
2011.05.24 09:06:51.329,5.57323,5.57452,1.13,1.35
2011.05.24 09:06:51.720,5.57319,5.57452,1.50,1.35
2011.05.24 09:06:51.939,5.57309,5.57452,1.50,1.35
2011.05.24 09:06:53.359,5.57309,5.57452,1.50,1.35
2011.05.24 09:06:53.691,5.57343,5.57483,1.35,1.03
2011.05.24 09:06:53.912,5.57368,5.57516,1.35,4.50
2011.05.24 09:06:54.961,5.57348,5.57511,1.50,5.25
2011.05.24 09:06:55.400,5.57352,5.57511,1.13,4.03
2011.05.24 09:06:55.510,5.57352,5.57528,1.13,1.50
2011.05.24 09:06:55.729,5.57367,5.57542,1.50,1.03
2011.05.24 09:06:56.301,5.57392,5.57559,1.50,4.50
2011.05.24 09:06:56.630,5.57411,5.57577,1.50,1.50
2011.05.24 09:06:56.850,5.57432,5.576,1.35,1.03
2011.05.24 09:06:57.376,5.5744,5.57613,1.50,1.03
2011.05.24 09:06:57.822,5.57432,5.57613,1.35,1.03
2011.05.24 09:06:58.370,5.57432,5.5759,1.35,1.50
2011.05.24 09:06:58.481,5.57432,5.5759,1.35,1.50
2011.05.24 09:06:58.700,5.5745,5.57593,1.13,1.03
2011.05.24 09:06:59.031,5.57458,5.57593,1.50,1.03
2011.05.24 09:06:59.140,5.57458,5.57562,1.50,1.03
2011.05.24 09:06:59.251,5.57458,5.57571,1.50,1.03
2011.05.24 09:06:59.361,5.57444,5.57612,1.50,1.03
2011.05.24 09:07:00.264,5.57444,5.57611,1.50,1.50
2011.05.24 09:07:00.821,5.57444,5.57593,1.50,1.03
2011.05.24 09:07:01.041,5.57445,5.57593,1.50,1.03
2011.05.24 09:07:01.261,5.57453,5.57612,1.50,1.03
2011.05.24 09:07:01.910,5.57454,5.57592,1.13,1.03
2011.05.24 09:07:02.447,5.57462,5.57592,1.50,1.03
2011.05.24 09:07:03.041,5.57462,5.57592,1.50,1.03
2011.05.24 09:07:03.149,5.57462,5.57592,1.50,1.03
2011.05.24 09:07:04.940,5.5745,5.57592,1.50,1.03
2011.05.24 09:07:05.051,5.57461,5.57592,1.13,1.03
2011.05.24 09:07:05.271,5.57469,5.57612,1.50,1.03
2011.05.24 09:07:05.381,5.57475,5.57612,1.13,1.03
2011.05.24 09:07:05.600,5.57483,5.57612,1.50,1.03
2011.05.24 09:07:06.370,5.57483,5.57633,1.50,1.03
2011.05.24 09:07:08.534,5.57505,5.57632,1.13,1.03
2011.05.24 09:07:08.655,5.57517,5.57633,1.13,1.03
2011.05.24 09:07:08.990,5.57527,5.57672,1.50,1.03
2011.05.24 09:07:09.322,5.57527,5.57652,1.50,1.03
2011.05.24 09:07:10.310,5.57513,5.57652,1.50,1.03
2011.05.24 09:07:13.870,5.57513,5.57652,1.50,1.03
2011.05.24 09:07:15.079,5.57529,5.57673,1.50,1.03
2011.05.24 09:07:16.260,5.57529,5.57673,1.50,1.03
2011.05.24 09:07:21.103,5.57529,5.57673,1.50,1.03
2011.05.24 09:07:21.789,5.57521,5.57652,1.50,1.03
2011.05.24 09:07:23.011,5.57521,5.57633,1.50,1.03
2011.05.24 09:07:23.231,5.57489,5.57619,1.50,1.35
2011.05.24 09:07:25.326,5.57512,5.57632,1.35,1.03
2011.05.24 09:07:25.439,5.57524,5.57632,1.35,1.03
2011.05.24 09:07:26.122,5.57513,5.57655,1.35,1.50
2011.05.24 09:07:26.780,5.57494,5.57632,1.35,1.03
2011.05.24 09:07:27.463,5.57494,5.57613,1.35,1.50
2011.05.24 09:07:27.573,5.57476,5.57632,1.35,1.03
2011.05.24 09:07:27.693,5.57476,5.57612,1.35,1.03
2011.05.24 09:07:29.742,5.57476,5.57622,1.35,1.50
2011.05.24 09:07:33.049,5.57476,5.57612,1.35,1.50
2011.05.24 09:07:33.270,5.57474,5.57612,1.35,1.50
2011.05.24 09:07:33.962,5.57466,5.5761,1.35,4.50
2011.05.24 09:07:35.511,5.57474,5.57613,1.35,1.03
2011.05.24 09:07:36.599,5.57476,5.57625,1.35,1.50
2011.05.24 09:07:37.773,5.57476,5.57625,1.35,1.50
2011.05.24 09:07:41.102,5.57476,5.57613,1.35,1.03
2011.05.24 09:07:43.032,5.57476,5.57624,1.35,1.50
2011.05.24 09:07:43.723,5.57482,5.57633,2.85,1.03
2011.05.24 09:07:44.399,5.57516,5.57664,1.35,1.50
2011.05.24 09:07:44.512,5.57516,5.57665,1.35,4.50
2011.05.24 09:07:45.720,5.57536,5.57665,1.13,4.50
2011.05.24 09:07:46.561,5.57527,5.57673,1.13,1.03
2011.05.24 09:07:48.110,5.57523,5.57673,1.13,1.03
2011.05.24 09:07:48.220,5.57523,5.57673,1.13,1.03
2011.05.24 09:07:48.440,5.57513,5.57673,1.50,1.03
2011.05.24 09:07:48.660,5.57513,5.57652,1.50,1.03
2011.05.24 09:07:48.879,5.57511,5.57652,1.13,1.03
2011.05.24 09:07:52.230,5.57504,5.57652,1.73,1.03
2011.05.24 09:07:52.459,5.57517,5.57652,1.13,1.03
2011.05.24 09:07:52.570,5.57521,5.57669,1.13,4.50
2011.05.24 09:07:52.901,5.57505,5.57653,1.13,1.03
2011.05.24 09:07:53.706,5.57502,5.57633,1.35,1.03
2011.05.24 09:07:54.263,5.57473,5.57613,1.50,1.03
2011.05.24 09:07:54.383,5.57469,5.57613,1.13,1.03
2011.05.24 09:07:56.541,5.57469,5.57613,1.13,1.03
2011.05.24 09:07:56.872,5.57449,5.57592,1.13,1.03
2011.05.24 09:07:56.980,5.57449,5.57592,1.13,1.03
2011.05.24 09:07:57.750,5.57465,5.57613,1.13,1.03
2011.05.24 09:07:57.862,5.57471,5.57613,1.50,1.03
2011.05.24 09:07:58.081,5.57465,5.57613,1.13,1.03
2011.05.24 09:07:58.191,5.57448,5.57613,1.13,1.03
2011.05.24 09:07:58.301,5.57448,5.57593,1.13,1.03
2011.05.24 09:07:59.539,5.57449,5.57593,1.13,1.03
2011.05.24 09:07:59.654,5.57464,5.57612,1.13,1.03
2011.05.24 09:07:59.882,5.57464,5.57612,1.13,1.03
2011.05.24 09:08:00.770,5.57461,5.57612,1.50,1.03
2011.05.24 09:08:01.101,5.57438,5.57592,1.50,1.03
2011.05.24 09:08:01.211,5.57438,5.57572,1.50,1.03
2011.05.24 09:08:01.858,5.57433,5.57572,1.35,1.03
2011.05.24 09:08:02.534,5.57433,5.57572,1.35,1.03
2011.05.24 09:08:03.630,5.57433,5.57572,1.35,1.03
2011.05.24 09:08:03.852,5.57437,5.57572,1.13,1.03
2011.05.24 09:08:04.290,5.57438,5.57593,1.50,1.03
2011.05.24 09:08:04.622,5.5746,5.57593,1.13,1.03
2011.05.24 09:08:04.950,5.57464,5.57612,1.13,1.03
2011.05.24 09:08:05.830,5.57465,5.57612,1.13,1.03
2011.05.24 09:08:06.350,5.57469,5.57612,1.50,1.03
2011.05.24 09:08:07.065,5.57427,5.57562,1.50,1.35
2011.05.24 09:08:08.380,5.57427,5.57562,1.50,1.35
2011.05.24 09:08:08.723,5.57442,5.57582,1.13,1.03
2011.05.24 09:08:08.842,5.57452,5.57598,1.50,4.50
2011.05.24 09:08:09.173,5.57465,5.57598,1.50,4.50
2011.05.24 09:08:09.500,5.57483,5.57601,1.50,1.35
2011.05.24 09:08:10.122,5.57473,5.57601,1.50,1.35
2011.05.24 09:08:10.779,5.57473,5.57601,1.50,1.35
2011.05.24 09:08:12.442,5.57473,5.57601,1.50,1.35
2011.05.24 09:08:12.552,5.57454,5.57601,1.50,1.35
2011.05.24 09:08:12.662,5.57454,5.57594,1.88,4.50
2011.05.24 09:08:12.882,5.57471,5.57601,1.50,1.35
2011.05.24 09:08:13.431,5.57471,5.57601,1.50,1.35
2011.05.24 09:08:14.374,5.57457,5.57601,1.50,1.35
2011.05.24 09:08:15.090,5.57457,5.576,1.50,1.50
2011.05.24 09:08:15.201,5.57457,5.57601,1.50,1.35
2011.05.24 09:08:15.310,5.57444,5.57582,1.13,1.03
2011.05.24 09:08:16.870,5.57459,5.57601,1.13,1.35
2011.05.24 09:08:17.356,5.5747,5.57601,1.50,1.35
2011.05.24 09:08:17.702,5.5747,5.57601,1.50,1.35
2011.05.24 09:08:20.434,5.5747,5.57594,1.50,4.50
2011.05.24 09:08:20.552,5.5747,5.5759,1.50,4.50
2011.05.24 09:08:20.663,5.57446,5.57583,1.50,1.03
2011.05.24 09:08:21.223,5.57436,5.57583,1.50,1.03
2011.05.24 09:08:22.210,5.57436,5.57562,1.50,1.35
2011.05.24 09:08:22.320,5.57423,5.57562,1.50,1.35
2011.05.24 09:08:23.343,5.57419,5.57562,1.13,1.35
2011.05.24 09:08:23.452,5.57419,5.57562,1.13,1.35
2011.05.24 09:08:23.674,5.57416,5.57524,1.50,1.35
2011.05.24 09:08:24.259,5.57375,5.57522,1.50,1.03
2011.05.24 09:08:24.370,5.57375,5.57522,1.50,1.03
2011.05.24 09:08:25.030,5.57384,5.57524,1.50,1.35
2011.05.24 09:08:25.249,5.57384,5.57524,1.50,1.35
2011.05.24 09:08:26.232,5.57393,5.57524,1.50,1.35
2011.05.24 09:08:26.450,5.57443,5.57557,1.35,1.03
2011.05.24 09:08:26.670,5.57455,5.57612,1.13,1.03
2011.05.24 09:08:27.020,5.57427,5.57553,3.00,1.03
2011.05.24 09:08:27.131,5.57421,5.57553,1.50,1.03
2011.05.24 09:08:28.400,5.57421,5.57553,1.50,1.03
2011.05.24 09:08:29.881,5.57421,5.57553,1.50,1.03
2011.05.24 09:08:31.119,5.57421,5.57572,1.50,1.50
2011.05.24 09:08:31.703,5.57412,5.57572,1.50,1.50
2011.05.24 09:08:32.502,5.57418,5.57572,1.13,1.50
2011.05.24 09:08:32.721,5.57421,5.57562,1.50,1.50
2011.05.24 09:08:32.831,5.57421,5.57581,1.50,4.50
2011.05.24 09:08:33.051,5.57413,5.57585,1.50,4.50
2011.05.24 09:08:33.163,5.57443,5.57601,1.50,1.50
2011.05.24 09:08:33.273,5.57443,5.57612,1.50,4.50
2011.05.24 09:08:33.394,5.57461,5.57616,1.13,1.50
2011.05.24 09:08:33.511,5.57461,5.57617,1.13,3.75
2011.05.24 09:08:33.624,5.57471,5.57606,1.50,3.75
2011.05.24 09:08:33.962,5.57471,5.57603,1.50,3.75
2011.05.24 09:08:34.289,5.57456,5.57625,1.50,1.50
2011.05.24 09:08:36.077,5.57469,5.57626,1.13,4.50
2011.05.24 09:08:36.412,5.57478,5.57648,1.50,4.50
2011.05.24 09:08:37.143,5.57494,5.57662,1.50,4.50
2011.05.24 09:08:40.660,5.57494,5.57633,1.50,1.03
2011.05.24 09:08:40.879,5.57483,5.57633,1.50,1.03
2011.05.24 09:08:42.910,5.57483,5.57609,1.50,5.25
2011.05.24 09:08:43.019,5.57474,5.57609,1.50,5.25
2011.05.24 09:08:43.239,5.57451,5.57609,1.50,5.25
2011.05.24 09:08:44.971,5.57451,5.57609,1.50,5.25
2011.05.24 09:08:45.084,5.57451,5.57608,1.50,4.50
2011.05.24 09:08:45.202,5.57439,5.57585,1.50,1.50
2011.05.24 09:08:45.313,5.57439,5.57585,1.50,1.50
2011.05.24 09:08:45.433,5.57429,5.57581,1.50,1.50
2011.05.24 09:08:45.869,5.57432,5.57581,1.50,1.50
2011.05.24 09:08:46.089,5.57432,5.57601,1.50,1.50
2011.05.24 09:08:46.530,5.57441,5.57601,1.50,1.50
2011.05.24 09:08:47.575,5.57441,5.57608,1.50,1.50
2011.05.24 09:08:48.691,5.57441,5.57604,1.50,1.50
2011.05.24 09:08:51.208,5.5744,5.57593,1.50,1.50
2011.05.24 09:08:51.552,5.57429,5.57571,1.50,1.50
2011.05.24 09:08:51.663,5.57416,5.57569,1.50,1.50
2011.05.24 09:08:51.989,5.57416,5.57572,1.50,1.50
2011.05.24 09:08:52.100,5.57416,5.57572,1.50,1.50
2011.05.24 09:08:52.539,5.57409,5.57572,1.50,2.25
2011.05.24 09:08:52.803,5.57409,5.57572,1.50,2.25
2011.05.24 09:08:55.744,5.5741,5.57566,1.50,1.50
2011.05.24 09:08:59.639,5.5741,5.57566,1.50,1.50
2011.05.24 09:09:07.619,5.5741,5.57563,1.50,1.50
2011.05.24 09:09:08.740,5.5741,5.5757,1.50,1.50
2011.05.24 09:09:10.540,5.5741,5.57566,1.50,1.50
2011.05.24 09:09:15.780,5.57402,5.57563,1.50,2.25
2011.05.24 09:09:16.490,5.57402,5.57563,1.50,2.25
2011.05.24 09:09:18.089,5.57402,5.57546,1.50,1.50
2011.05.24 09:09:18.311,5.57384,5.57542,1.50,1.50
2011.05.24 09:09:18.533,5.57384,5.57531,1.50,1.50
2011.05.24 09:09:18.751,5.57371,5.57528,1.50,1.50
2011.05.24 09:09:19.679,5.57371,5.57527,1.50,1.50
2011.05.24 09:09:20.770,5.57364,5.57524,1.50,1.50
2011.05.24 09:09:22.680,5.57364,5.57482,1.50,1.03
2011.05.24 09:09:22.900,5.57355,5.57482,1.50,1.03
2011.05.24 09:09:26.425,5.57355,5.57482,1.50,1.03
2011.05.24 09:09:27.050,5.57355,5.57472,1.50,1.35
2011.05.24 09:09:27.271,5.57337,5.57462,1.50,1.03
2011.05.24 09:09:27.711,5.57326,5.57463,1.50,1.03
2011.05.24 09:09:28.392,5.57326,5.57444,1.50,1.03
2011.05.24 09:09:30.082,5.57309,5.57442,1.50,1.03
2011.05.24 09:09:30.411,5.57309,5.57463,1.50,1.03
2011.05.24 09:09:30.522,5.57309,5.57463,1.50,1.03
2011.05.24 09:09:30.959,5.57315,5.57463,1.50,1.03
2011.05.24 09:09:32.220,5.57323,5.57463,1.50,1.03
2011.05.24 09:09:32.770,5.57323,5.57463,1.50,1.03
2011.05.24 09:09:34.290,5.57331,5.57462,1.50,1.03
2011.05.24 09:09:34.621,5.57301,5.57442,1.50,1.03
2011.05.24 09:09:34.841,5.57256,5.57406,1.50,1.50
2011.05.24 09:09:35.582,5.57255,5.57417,1.50,1.35
2011.05.24 09:09:36.009,5.57255,5.57417,1.50,1.35
2011.05.24 09:09:38.060,5.57267,5.57417,1.50,1.35
2011.05.24 09:09:38.281,5.57259,5.57415,1.50,1.50
2011.05.24 09:09:39.262,5.57251,5.57415,1.50,1.50
2011.05.24 09:09:39.809,5.57252,5.57417,1.50,1.35
2011.05.24 09:09:41.170,5.57252,5.57362,1.50,1.13
2011.05.24 09:09:41.502,5.57201,5.57367,1.35,1.03
2011.05.24 09:09:41.720,5.57218,5.57332,1.50,1.03
2011.05.24 09:09:44.720,5.57218,5.57335,1.13,1.03
2011.05.24 09:09:44.830,5.57218,5.57364,1.13,1.35
2011.05.24 09:09:45.160,5.57203,5.57333,1.50,1.03
2011.05.24 09:09:45.269,5.57203,5.57333,1.50,1.03
2011.05.24 09:09:47.081,5.5722,5.57364,1.13,1.35
2011.05.24 09:09:48.671,5.57209,5.57364,1.13,1.35
2011.05.24 09:09:49.000,5.57207,5.57364,1.50,2.10
2011.05.24 09:09:49.223,5.57209,5.57352,1.13,1.03
2011.05.24 09:09:52.212,5.57216,5.57364,1.13,1.35
2011.05.24 09:09:53.291,5.57207,5.57352,1.50,1.03
2011.05.24 09:09:53.932,5.57203,5.57352,1.13,1.03
2011.05.24 09:09:54.481,5.57202,5.57352,1.13,1.03
2011.05.24 09:09:56.951,5.572,5.57351,1.50,1.50
2011.05.24 09:09:58.279,5.572,5.57352,1.50,1.03
2011.05.24 09:09:59.161,5.57188,5.57333,1.13,1.03
2011.05.24 09:09:59.740,5.57197,5.57364,1.50,1.35
2011.05.24 09:10:02.610,5.57197,5.57364,1.50,1.35
2011.05.24 09:10:04.621,5.57197,5.57364,1.50,1.35
2011.05.24 09:10:05.061,5.57197,5.57348,1.50,1.50
2011.05.24 09:10:05.282,5.57197,5.57364,1.50,1.35
2011.05.24 09:10:05.501,5.57197,5.57354,1.50,1.50
2011.05.24 09:10:05.610,5.5719,5.57353,1.50,1.03
2011.05.24 09:10:06.051,5.57203,5.57362,1.13,1.50
2011.05.24 09:10:06.382,5.57212,5.57364,1.13,1.35
2011.05.24 09:10:06.491,5.57214,5.57364,1.13,1.35
2011.05.24 09:10:07.261,5.57238,5.57364,1.13,1.35
2011.05.24 09:10:07.592,5.57238,5.57403,1.13,1.03
2011.05.24 09:10:07.920,5.57243,5.57403,1.50,1.03
2011.05.24 09:10:08.141,5.57267,5.57403,3.00,1.03
2011.05.24 09:10:08.471,5.57267,5.57446,3.00,1.11
2011.05.24 09:10:08.993,5.57277,5.57475,3.00,1.26
2011.05.24 09:10:09.333,5.57281,5.57469,1.50,1.26
2011.05.24 09:10:10.410,5.57268,5.57383,1.50,1.03
2011.05.24 09:10:10.850,5.57245,5.57383,1.13,1.03
2011.05.24 09:10:11.740,5.57239,5.57383,1.50,1.03
2011.05.24 09:10:12.180,5.57228,5.57373,1.50,1.03
2011.05.24 09:10:12.291,5.57219,5.57373,1.50,1.78
2011.05.24 09:10:12.510,5.57217,5.57373,1.13,1.78
2011.05.24 09:10:13.192,5.57232,5.57373,1.13,1.03
2011.05.24 09:10:13.412,5.57221,5.57382,1.13,1.03
2011.05.24 09:10:14.732,5.57236,5.57402,1.13,1.03
2011.05.24 09:10:14.843,5.57236,5.57402,1.88,1.03
2011.05.24 09:10:14.966,5.5727,5.57402,1.13,1.03
2011.05.24 09:10:15.520,5.57274,5.57442,1.50,1.50
2011.05.24 09:10:15.632,5.57297,5.57454,1.50,1.50
2011.05.24 09:10:15.963,5.57358,5.57492,1.13,1.03
2011.05.24 09:10:16.082,5.57358,5.57497,1.13,1.50
2011.05.24 09:10:16.630,5.57378,5.57523,1.13,1.03
2011.05.24 09:10:17.071,5.57385,5.57523,1.50,1.03
2011.05.24 09:10:17.402,5.5739,5.57543,1.13,1.78
2011.05.24 09:10:18.188,5.5739,5.57543,1.88,1.03
2011.05.24 09:10:18.303,5.57396,5.57543,1.13,1.03
2011.05.24 09:10:18.640,5.5739,5.57543,1.50,1.03
2011.05.24 09:10:18.973,5.5738,5.57522,1.50,1.03
2011.05.24 09:10:19.082,5.5738,5.57522,1.50,1.03
2011.05.24 09:10:20.036,5.5737,5.57522,1.88,1.03
2011.05.24 09:10:20.330,5.5737,5.57512,1.50,1.50
2011.05.24 09:10:20.553,5.57362,5.5751,1.13,1.50
2011.05.24 09:10:20.672,5.57348,5.57511,1.13,1.50
2011.05.24 09:10:21.759,5.57353,5.57503,1.13,1.03
2011.05.24 09:10:23.300,5.57362,5.57503,1.13,1.03
2011.05.24 09:10:23.630,5.57362,5.57522,1.13,1.03
2011.05.24 09:10:24.679,5.57367,5.57522,1.13,1.03
2011.05.24 09:10:26.709,5.57366,5.57522,1.50,1.03
2011.05.24 09:10:27.041,5.57338,5.57482,1.50,1.03
2011.05.24 09:10:27.149,5.57338,5.57482,1.50,1.03
2011.05.24 09:10:27.261,5.57337,5.57482,1.13,1.03
2011.05.24 09:10:27.810,5.57337,5.57482,1.13,1.03
2011.05.24 09:10:29.682,5.57336,5.57482,1.13,1.03
2011.05.24 09:10:31.202,5.57339,5.57482,1.13,1.03
2011.05.24 09:10:33.379,5.57336,5.57483,1.13,1.03
2011.05.24 09:10:39.949,5.57334,5.57483,1.13,1.03
2011.05.24 09:10:41.914,5.57329,5.57478,1.50,1.50
2011.05.24 09:10:42.031,5.57319,5.57462,1.13,1.03
2011.05.24 09:10:45.321,5.57327,5.57482,1.13,1.03
2011.05.24 09:10:48.113,5.57327,5.57482,1.88,1.03
2011.05.24 09:10:49.391,5.57351,5.57482,1.50,1.03
2011.05.24 09:10:50.960,5.57346,5.57503,1.88,1.03
2011.05.24 09:10:51.403,5.57356,5.57503,1.13,1.03
2011.05.24 09:10:52.741,5.57352,5.57503,1.13,1.03
2011.05.24 09:10:54.010,5.5735,5.57503,1.13,1.03
2011.05.24 09:10:55.432,5.57338,5.57482,1.88,1.03
2011.05.24 09:10:55.762,5.57338,5.57482,1.13,1.03
2011.05.24 09:10:56.130,5.57353,5.57482,1.50,1.03
2011.05.24 09:10:56.240,5.57338,5.57482,1.13,1.03
2011.05.24 09:10:56.680,5.57342,5.57482,1.50,1.03
2011.05.24 09:10:57.649,5.57341,5.57482,1.13,1.03
2011.05.24 09:10:59.211,5.57335,5.57482,1.50,1.03
2011.05.24 09:11:02.271,5.57353,5.57503,1.13,1.03
2011.05.24 09:11:02.381,5.57353,5.57503,1.13,1.03
2011.05.24 09:11:06.172,5.57348,5.57503,1.88,1.03
2011.05.24 09:11:08.865,5.57367,5.57503,1.13,1.03
2011.05.24 09:11:08.982,5.57353,5.57522,1.13,1.78
2011.05.24 09:11:09.310,5.57353,5.57502,1.13,1.03
2011.05.24 09:11:10.760,5.57369,5.57502,1.13,1.03
2011.05.24 09:11:11.091,5.57369,5.57523,1.13,1.03
2011.05.24 09:11:12.891,5.57385,5.57523,1.50,1.03
2011.05.24 09:11:13.221,5.57395,5.57542,1.13,1.03
2011.05.24 09:11:13.660,5.57395,5.57542,1.13,1.03
2011.05.24 09:11:14.111,5.57408,5.57542,1.13,1.03
2011.05.24 09:11:15.301,5.57427,5.57581,2.25,1.03
2011.05.24 09:11:15.410,5.57427,5.57581,3.00,1.03
2011.05.24 09:11:15.740,5.5743,5.57628,1.50,1.03
2011.05.24 09:11:16.070,5.57438,5.57628,3.00,1.03
2011.05.24 09:11:18.280,5.57568,5.57636,3.00,1.03
2011.05.24 09:11:18.391,5.57569,5.57752,4.50,1.03
2011.05.24 09:11:18.501,5.57569,5.57666,3.75,1.50
2011.05.24 09:11:18.720,5.5746,5.57652,1.23,1.35
2011.05.24 09:11:22.236,5.5747,5.57659,1.23,2.10
2011.05.24 09:11:22.570,5.5747,5.57659,1.23,2.85
2011.05.24 09:11:25.281,5.5747,5.57659,1.23,2.10
2011.05.24 09:11:27.879,5.57496,5.57683,1.23,1.35
2011.05.24 09:11:28.330,5.57495,5.57666,1.23,1.35
2011.05.24 09:11:28.661,5.57508,5.5767,1.23,1.35
2011.05.24 09:11:33.457,5.57536,5.57702,1.13,1.35
2011.05.24 09:11:33.831,5.57542,5.57692,1.50,1.50
2011.05.24 09:11:34.160,5.5753,5.57695,1.50,1.50
2011.05.24 09:11:35.046,5.5753,5.57695,1.50,1.50
2011.05.24 09:11:35.440,5.57536,5.57702,1.13,1.63
2011.05.24 09:11:35.771,5.5754,5.57702,1.50,1.35
2011.05.24 09:11:36.659,5.5754,5.57702,1.88,1.35
2011.05.24 09:11:37.580,5.57548,5.57702,1.50,1.35
2011.05.24 09:11:37.693,5.57548,5.57702,1.50,1.35
2011.05.24 09:11:39.040,5.5758,5.57708,1.13,1.13
2011.05.24 09:11:39.373,5.57561,5.57699,1.13,1.35
2011.05.24 09:11:39.492,5.57561,5.57699,1.13,1.35
2011.05.24 09:11:39.711,5.57564,5.57699,1.50,1.35
2011.05.24 09:11:39.930,5.57561,5.57699,1.13,1.35
2011.05.24 09:11:41.571,5.57556,5.57699,1.88,1.35
2011.05.24 09:11:44.802,5.57574,5.5773,1.50,1.50
2011.05.24 09:11:44.910,5.57564,5.5773,1.50,1.50
2011.05.24 09:11:45.459,5.57564,5.57727,1.50,1.50
2011.05.24 09:11:47.002,5.57564,5.57725,1.50,1.50
2011.05.24 09:11:48.041,5.57564,5.57724,1.50,1.50
2011.05.24 09:11:49.691,5.57564,5.5773,1.50,1.50
2011.05.24 09:11:50.802,5.57564,5.57723,1.50,1.50
2011.05.24 09:11:50.913,5.57544,5.57709,1.50,1.50
2011.05.24 09:11:52.090,5.57544,5.57711,1.50,1.50
2011.05.24 09:11:53.335,5.57544,5.57711,1.50,1.50
2011.05.24 09:11:53.779,5.57529,5.57692,1.50,1.50
2011.05.24 09:11:54.849,5.57529,5.57694,1.50,1.50
2011.05.24 09:11:55.829,5.57529,5.57682,1.50,1.50
2011.05.24 09:11:56.050,5.57517,5.57684,1.50,1.50
2011.05.24 09:11:56.830,5.57525,5.57693,1.50,1.50
2011.05.24 09:11:57.160,5.57525,5.57694,1.50,1.50
2011.05.24 09:11:57.269,5.57525,5.57694,1.50,1.50
2011.05.24 09:11:57.888,5.57525,5.57695,1.50,1.50
2011.05.24 09:11:58.260,5.57536,5.57688,1.50,1.50
2011.05.24 09:11:58.591,5.57514,5.57679,1.50,1.50
2011.05.24 09:11:59.591,5.57514,5.57679,1.50,1.50
2011.05.24 09:12:01.980,5.57515,5.57688,1.50,1.50
2011.05.24 09:12:03.294,5.57515,5.57688,1.50,1.50
2011.05.24 09:12:03.753,5.57515,5.57688,1.50,1.50
2011.05.24 09:12:03.981,5.57522,5.57688,1.50,1.50
2011.05.24 09:12:04.913,5.57522,5.57692,1.50,1.50
2011.05.24 09:12:06.526,5.5753,5.57697,1.50,1.50
2011.05.24 09:12:06.863,5.57526,5.57688,1.50,1.50
2011.05.24 09:12:06.985,5.57526,5.57688,1.50,1.50
2011.05.24 09:12:07.688,5.57512,5.57672,1.50,1.50
2011.05.24 09:12:08.463,5.57512,5.57677,1.50,1.50
2011.05.24 09:12:09.480,5.57512,5.57684,1.50,1.50
2011.05.24 09:12:09.811,5.57519,5.57693,1.50,1.50
2011.05.24 09:12:10.319,5.57521,5.57698,1.13,1.35
2011.05.24 09:12:10.649,5.57535,5.57698,1.50,1.35
2011.05.24 09:12:11.650,5.57535,5.57698,1.50,1.35
2011.05.24 09:12:13.150,5.57535,5.57698,1.50,1.35
2011.05.24 09:12:14.072,5.57527,5.57692,1.50,1.50
2011.05.24 09:12:15.319,5.57527,5.57692,1.50,1.50
2011.05.24 09:12:16.441,5.57556,5.57698,1.13,1.35
2011.05.24 09:12:16.551,5.57541,5.57698,1.13,1.35
2011.05.24 09:12:16.880,5.57542,5.57698,1.50,1.35
2011.05.24 09:12:17.211,5.57554,5.57698,1.50,1.35
2011.05.24 09:12:18.400,5.57554,5.57698,1.50,1.35
2011.05.24 09:12:20.611,5.57555,5.57698,1.13,1.35
2011.05.24 09:12:22.283,5.57563,5.57698,1.13,1.35
2011.05.24 09:12:23.830,5.57564,5.57698,1.13,1.35
2011.05.24 09:12:25.355,5.57553,5.57698,1.50,1.35
2011.05.24 09:12:25.690,5.57552,5.57698,1.13,1.35
2011.05.24 09:12:26.140,5.57541,5.57698,1.13,1.35
2011.05.24 09:12:27.580,5.5754,5.57698,1.50,1.35
2011.05.24 09:12:28.351,5.57538,5.57691,1.13,1.50
2011.05.24 09:12:28.901,5.57528,5.57677,1.50,1.50
2011.05.24 09:12:29.010,5.57511,5.57677,1.50,1.50
2011.05.24 09:12:30.110,5.57511,5.57688,1.50,1.50
2011.05.24 09:12:31.441,5.5752,5.57688,1.88,1.50
2011.05.24 09:12:38.992,5.5754,5.57698,1.13,1.35
2011.05.24 09:12:39.650,5.57551,5.57698,1.13,1.35
2011.05.24 09:12:39.981,5.5756,5.57728,1.50,1.50
2011.05.24 09:12:40.530,5.5756,5.57718,1.50,1.50
2011.05.24 09:12:41.083,5.57539,5.57686,1.50,1.50
2011.05.24 09:12:41.192,5.57539,5.57688,1.50,1.50
2011.05.24 09:12:42.609,5.57549,5.57711,1.50,1.50
2011.05.24 09:12:42.722,5.57549,5.57722,1.50,1.50
2011.05.24 09:12:43.159,5.5754,5.57722,1.50,1.50
2011.05.24 09:12:43.579,5.57553,5.57722,1.50,1.50
2011.05.24 09:12:47.662,5.57553,5.57723,1.50,1.50
2011.05.24 09:12:49.280,5.57553,5.57728,1.50,1.50
2011.05.24 09:12:49.390,5.57561,5.57729,1.50,1.35
2011.05.24 09:12:49.719,5.57561,5.57729,1.50,1.35
2011.05.24 09:12:50.411,5.57561,5.57729,1.50,1.35
2011.05.24 09:12:51.852,5.57574,5.57729,1.13,1.35
2011.05.24 09:12:52.181,5.57583,5.57729,1.50,1.35
2011.05.24 09:12:52.620,5.57591,5.57729,1.50,1.35
2011.05.24 09:12:53.151,5.57591,5.5777,1.50,1.50
2011.05.24 09:12:53.480,5.576,5.5777,1.50,1.50
2011.05.24 09:12:54.341,5.576,5.5777,1.50,1.50
2011.05.24 09:12:55.544,5.576,5.57771,1.50,1.50
2011.05.24 09:12:56.530,5.576,5.5777,1.50,1.50
2011.05.24 09:12:58.509,5.576,5.57769,1.50,1.50
2011.05.24 09:13:00.040,5.576,5.57769,1.50,1.50
2011.05.24 09:13:03.820,5.576,5.57764,1.50,1.50
2011.05.24 09:13:07.413,5.576,5.57762,1.50,1.50
2011.05.24 09:13:15.603,5.576,5.57758,1.50,1.50
2011.05.24 09:13:21.651,5.576,5.57755,1.50,1.50
2011.05.24 09:13:21.871,5.576,5.57745,1.50,1.50
2011.05.24 09:13:22.092,5.57584,5.57733,1.50,1.50
2011.05.24 09:13:22.422,5.57571,5.57707,1.50,1.50
2011.05.24 09:13:22.531,5.57564,5.57707,1.50,1.50
2011.05.24 09:13:22.752,5.57536,5.57702,1.50,1.50
2011.05.24 09:13:23.299,5.57537,5.57698,1.50,1.50
2011.05.24 09:13:24.136,5.57528,5.57693,1.50,1.50
2011.05.24 09:13:24.476,5.57528,5.57692,1.50,1.50
2011.05.24 09:13:24.592,5.57541,5.57692,1.50,1.50
2011.05.24 09:13:24.815,5.57532,5.57702,1.50,1.35
2011.05.24 09:13:25.942,5.57531,5.57702,1.50,1.63
2011.05.24 09:13:27.843,5.57545,5.57702,1.13,1.35
2011.05.24 09:13:28.532,5.57559,5.57702,1.50,1.35
2011.05.24 09:13:30.100,5.57559,5.57702,1.50,1.35
2011.05.24 09:13:31.862,5.57559,5.5773,1.50,1.50
2011.05.24 09:13:32.890,5.57559,5.5773,1.50,1.50
2011.05.24 09:13:34.811,5.57559,5.5773,1.50,1.50
2011.05.24 09:13:38.319,5.57559,5.57732,1.50,1.50
2011.05.24 09:13:40.522,5.57559,5.57729,1.50,1.50
2011.05.24 09:13:50.552,5.57559,5.57731,1.50,1.50
2011.05.24 09:13:55.669,5.57559,5.57732,1.50,1.50
2011.05.24 09:13:56.892,5.5757,5.57741,1.13,2.10
2011.05.24 09:13:57.002,5.57583,5.57741,1.13,2.10
2011.05.24 09:13:57.113,5.57585,5.57741,1.13,1.35
2011.05.24 09:13:57.440,5.57593,5.57769,1.50,1.50
2011.05.24 09:13:57.770,5.57602,5.57769,1.50,1.50
2011.05.24 09:13:58.340,5.57602,5.57769,1.50,1.50
2011.05.24 09:13:59.623,5.57602,5.57768,1.50,1.50
2011.05.24 09:14:01.013,5.57602,5.57768,1.50,1.50
2011.05.24 09:14:04.032,5.57602,5.57753,1.50,1.50
2011.05.24 09:14:04.148,5.57571,5.57727,1.50,1.50
2011.05.24 09:14:04.671,5.57571,5.57726,1.50,1.50
2011.05.24 09:14:05.162,5.57563,5.57723,1.50,1.50
2011.05.24 09:14:06.742,5.57563,5.57731,1.50,1.50
2011.05.24 09:14:07.070,5.57552,5.57663,1.50,1.35
2011.05.24 09:14:07.181,5.57552,5.57651,1.50,1.35
2011.05.24 09:14:07.291,5.57515,5.57651,1.50,1.35
2011.05.24 09:14:07.401,5.57515,5.57651,1.50,1.35
2011.05.24 09:14:07.510,5.57501,5.57651,1.50,1.35
2011.05.24 09:14:07.731,5.57474,5.57631,1.50,1.50
2011.05.24 09:14:07.953,5.57472,5.57612,1.13,1.03
2011.05.24 09:14:08.063,5.57458,5.57612,1.50,1.03
2011.05.24 09:14:08.171,5.57458,5.57612,1.50,1.03
2011.05.24 09:14:08.832,5.57456,5.57575,1.50,1.35
2011.05.24 09:14:08.943,5.57433,5.5757,2.25,1.13
2011.05.24 09:14:10.182,5.57419,5.57572,1.50,1.35
2011.05.24 09:14:11.162,5.57419,5.57572,1.50,1.35
2011.05.24 09:14:11.273,5.57412,5.57568,1.50,1.50
2011.05.24 09:14:12.232,5.57412,5.57553,1.50,1.03
2011.05.24 09:14:13.799,5.57412,5.57553,1.50,1.03
2011.05.24 09:14:17.762,5.57405,5.57553,1.50,1.03
2011.05.24 09:14:19.731,5.57405,5.57528,1.50,1.35
2011.05.24 09:14:20.060,5.57373,5.57513,1.50,1.03
2011.05.24 09:14:20.172,5.57373,5.57513,1.50,1.03
2011.05.24 09:14:20.502,5.57367,5.57513,1.50,1.03
2011.05.24 09:14:21.342,5.57367,5.57513,1.50,1.03
2011.05.24 09:14:22.290,5.57367,5.57513,1.50,1.03
2011.05.24 09:14:22.693,5.57332,5.57491,1.50,1.50
2011.05.24 09:14:22.813,5.57332,5.57472,1.50,1.03
2011.05.24 09:14:23.398,5.57316,5.57453,1.50,1.03
2011.05.24 09:14:24.064,5.57316,5.57453,1.50,1.03
2011.05.24 09:14:24.406,5.57289,5.57432,1.50,1.03
2011.05.24 09:14:24.525,5.57289,5.57432,1.50,1.03
2011.05.24 09:14:24.861,5.57289,5.57413,1.50,1.03
2011.05.24 09:14:25.083,5.57242,5.57393,1.50,1.03
2011.05.24 09:14:25.203,5.57242,5.57393,1.50,1.03
2011.05.24 09:14:26.081,5.57254,5.57393,1.13,1.03
2011.05.24 09:14:26.306,5.5726,5.57402,1.50,1.35
2011.05.24 09:14:26.822,5.57277,5.57392,1.50,1.03
2011.05.24 09:14:26.937,5.57288,5.57433,1.13,1.03
2011.05.24 09:14:27.492,5.57292,5.57444,1.50,1.35
2011.05.24 09:14:27.713,5.57308,5.57444,1.13,1.35
2011.05.24 09:14:28.488,5.57308,5.57472,1.13,1.03
2011.05.24 09:14:28.948,5.57306,5.57472,1.13,1.03
2011.05.24 09:14:29.391,5.57311,5.57472,1.50,1.03
2011.05.24 09:14:29.940,5.57311,5.57472,1.50,1.03
2011.05.24 09:14:30.299,5.57319,5.57472,1.50,1.03
2011.05.24 09:14:30.493,5.57319,5.57472,1.50,1.03
2011.05.24 09:14:32.297,5.57331,5.57474,1.50,1.35
2011.05.24 09:14:32.632,5.57331,5.57467,1.50,1.50
2011.05.24 09:14:32.745,5.57304,5.57442,1.50,1.03
2011.05.24 09:14:33.699,5.57304,5.57442,1.50,1.03
2011.05.24 09:14:34.470,5.57326,5.57442,1.13,1.03
2011.05.24 09:14:34.801,5.57326,5.57462,1.13,1.03
2011.05.24 09:14:36.865,5.57322,5.57462,1.88,1.03
2011.05.24 09:14:38.401,5.57322,5.57502,1.50,1.78
2011.05.24 09:14:38.510,5.57322,5.57502,1.50,1.03
2011.05.24 09:14:38.730,5.57336,5.57502,1.50,1.03
2011.05.24 09:14:39.713,5.57353,5.57502,1.50,1.03
2011.05.24 09:14:40.612,5.57353,5.57502,1.50,1.03
2011.05.24 09:14:40.720,5.57336,5.57502,1.50,1.03
2011.05.24 09:14:41.251,5.57328,5.57483,1.50,1.03
2011.05.24 09:14:41.582,5.57328,5.57483,1.50,1.03
2011.05.24 09:14:41.912,5.57321,5.57462,1.50,1.03
2011.05.24 09:14:42.241,5.57299,5.57443,1.50,1.03
2011.05.24 09:14:42.914,5.57289,5.57443,1.50,1.03
2011.05.24 09:14:43.141,5.57265,5.57443,1.13,1.03
2011.05.24 09:14:43.609,5.57261,5.57443,1.88,1.03
2011.05.24 09:14:44.052,5.57261,5.57443,1.50,1.03
2011.05.24 09:14:44.165,5.57261,5.57433,1.50,1.35
2011.05.24 09:14:44.391,5.57259,5.57426,1.13,1.03
2011.05.24 09:14:44.722,5.57248,5.57414,3.75,1.50
2011.05.24 09:14:45.307,5.57239,5.57402,4.50,1.03
2011.05.24 09:14:45.752,5.57228,5.57402,1.50,1.03
2011.05.24 09:14:46.081,5.57225,5.57402,1.50,1.03
2011.05.24 09:14:46.302,5.57238,5.57407,1.13,1.03
2011.05.24 09:14:46.521,5.57238,5.57422,1.13,1.03
2011.05.24 09:14:46.960,5.57238,5.57422,1.13,1.03
2011.05.24 09:14:47.633,5.5723,5.57422,4.50,1.03
2011.05.24 09:14:48.790,5.57228,5.57402,1.50,1.03
2011.05.24 09:14:49.344,5.57218,5.57402,3.00,1.03
2011.05.24 09:14:49.462,5.57208,5.57382,1.35,1.03
2011.05.24 09:14:50.051,5.57198,5.57382,1.13,1.03
2011.05.24 09:14:50.601,5.57197,5.57382,1.50,1.03
2011.05.24 09:14:51.343,5.57197,5.57382,1.50,1.03
2011.05.24 09:14:51.683,5.57188,5.57377,2.36,1.50
2011.05.24 09:14:52.544,5.57189,5.57373,1.50,1.03
2011.05.24 09:14:53.600,5.57212,5.57373,1.50,1.03
2011.05.24 09:14:53.712,5.57224,5.57383,1.13,1.03
2011.05.24 09:14:54.288,5.57224,5.57383,1.50,1.03
2011.05.24 09:14:54.732,5.57258,5.57403,1.13,1.03
2011.05.24 09:14:55.063,5.57248,5.57403,1.50,1.03
2011.05.24 09:14:55.621,5.57241,5.57403,1.13,1.03
2011.05.24 09:14:57.533,5.5724,5.57403,1.50,1.03
2011.05.24 09:14:57.640,5.57229,5.57403,1.13,1.03
2011.05.24 09:14:58.439,5.57229,5.57383,1.13,1.03
2011.05.24 09:14:59.301,5.57221,5.57383,1.13,1.03
2011.05.24 09:15:00.128,5.57213,5.57383,1.50,1.03
2011.05.24 09:15:00.460,5.57205,5.57373,1.13,1.03
2011.05.24 09:15:01.304,5.57202,5.57373,1.50,1.03
2011.05.24 09:15:02.170,5.57201,5.57373,1.13,1.03
2011.05.24 09:15:02.390,5.57197,5.57373,1.13,1.03
2011.05.24 09:15:02.943,5.57197,5.57352,1.13,1.03
2011.05.24 09:15:03.272,5.57186,5.57372,1.50,1.03
2011.05.24 09:15:03.383,5.57186,5.57341,1.50,1.35
2011.05.24 09:15:04.402,5.57172,5.57341,1.13,1.35
2011.05.24 09:15:05.010,5.57182,5.57341,1.13,1.35
2011.05.24 09:15:09.861,5.5718,5.57341,1.13,1.35
2011.05.24 09:15:12.010,5.57176,5.57341,1.13,1.35
2011.05.24 09:15:13.850,5.5718,5.57341,1.13,1.35
2011.05.24 09:15:15.161,5.57185,5.57341,1.13,1.35
2011.05.24 09:15:15.661,5.57199,5.57344,4.50,1.35
2011.05.24 09:15:17.226,5.57219,5.57348,1.50,1.35
2011.05.24 09:15:17.621,5.57219,5.57341,1.13,1.35
2011.05.24 09:15:20.141,5.57213,5.57341,1.50,1.35
2011.05.24 09:15:20.361,5.57199,5.57341,1.13,1.35
2011.05.24 09:15:20.580,5.57199,5.57341,1.13,1.35
2011.05.24 09:15:22.231,5.57197,5.57341,1.13,1.35
2011.05.24 09:15:24.310,5.57197,5.57341,1.50,1.35
2011.05.24 09:15:24.420,5.57177,5.57341,3.00,1.35
2011.05.24 09:15:24.531,5.57161,5.57341,1.13,1.35
2011.05.24 09:15:24.640,5.57177,5.57341,1.13,1.35
2011.05.24 09:15:25.080,5.57179,5.57341,1.13,1.35
2011.05.24 09:15:25.630,5.57176,5.57341,1.13,1.35
2011.05.24 09:15:31.190,5.57187,5.57341,1.50,1.35
2011.05.24 09:15:33.442,5.57181,5.57322,1.13,1.03
2011.05.24 09:15:33.557,5.57174,5.57322,1.50,1.03
2011.05.24 09:15:34.001,5.57181,5.57341,1.13,1.35
2011.05.24 09:15:34.551,5.57162,5.57332,1.50,1.03
2011.05.24 09:15:34.660,5.57149,5.57332,1.50,1.03
2011.05.24 09:15:35.601,5.57161,5.57332,1.13,1.03
2011.05.24 09:15:37.330,5.57191,5.57332,1.13,1.03
2011.05.24 09:15:37.990,5.57191,5.57341,1.50,1.35
2011.05.24 09:15:39.731,5.57178,5.57341,3.00,1.35
2011.05.24 09:15:39.953,5.57176,5.57333,1.13,1.03
2011.05.24 09:15:40.583,5.57176,5.57333,1.13,1.03
2011.05.24 09:15:41.452,5.57171,5.57333,1.13,1.03
2011.05.24 09:15:41.892,5.57171,5.57333,1.13,1.03
2011.05.24 09:15:42.002,5.57152,5.57317,1.50,1.50
2011.05.24 09:15:42.112,5.57132,5.57312,1.13,1.03
2011.05.24 09:15:42.221,5.57152,5.57312,1.50,1.03
2011.05.24 09:15:42.770,5.57166,5.57305,1.13,1.35
2011.05.24 09:15:42.990,5.57179,5.5731,1.13,1.35
2011.05.24 09:15:43.101,5.57179,5.5731,1.13,1.35
2011.05.24 09:15:47.307,5.57198,5.57341,1.50,1.35
2011.05.24 09:15:48.201,5.57188,5.57341,1.13,1.35
2011.05.24 09:15:48.311,5.57185,5.57341,1.50,1.35
2011.05.24 09:15:48.421,5.57185,5.57341,1.50,1.35
2011.05.24 09:15:50.232,5.57185,5.57341,1.50,1.35
2011.05.24 09:15:50.451,5.57185,5.57337,1.50,1.50
2011.05.24 09:15:50.563,5.57173,5.57322,1.50,1.50
2011.05.24 09:15:50.684,5.57173,5.57341,1.50,1.35
2011.05.24 09:15:51.131,5.57166,5.57322,1.13,1.03
2011.05.24 09:15:51.638,5.57171,5.57322,1.50,1.03
2011.05.24 09:15:51.970,5.57181,5.57322,1.50,1.03
2011.05.24 09:15:53.662,5.57181,5.57322,1.50,1.03
2011.05.24 09:15:53.991,5.57181,5.57322,1.50,1.03
2011.05.24 09:15:54.210,5.5717,5.57302,1.50,1.03
2011.05.24 09:15:55.210,5.5717,5.57302,1.50,1.03
2011.05.24 09:15:55.870,5.57156,5.57302,1.50,1.03
2011.05.24 09:15:57.833,5.57156,5.57302,1.50,1.03
2011.05.24 09:16:00.561,5.57156,5.5729,1.50,1.50
2011.05.24 09:16:00.783,5.57129,5.57262,1.50,1.03
2011.05.24 09:16:00.892,5.57116,5.57262,1.50,1.03
2011.05.24 09:16:01.861,5.57116,5.57262,1.50,1.03
2011.05.24 09:16:02.453,5.57123,5.57265,1.13,1.35
2011.05.24 09:16:02.563,5.57135,5.57267,1.13,1.35
2011.05.24 09:16:02.673,5.57165,5.57303,1.50,1.78
2011.05.24 09:16:03.001,5.57165,5.573,1.50,1.35
2011.05.24 09:16:03.221,5.5715,5.573,1.50,1.35
2011.05.24 09:16:09.821,5.5715,5.573,1.50,1.35
2011.05.24 09:16:10.262,5.57156,5.573,1.13,1.35
2011.05.24 09:16:10.481,5.57167,5.573,1.50,1.35
2011.05.24 09:16:11.473,5.57185,5.57352,1.13,1.03
2011.05.24 09:16:11.592,5.57189,5.57357,1.50,1.35
2011.05.24 09:16:11.925,5.57192,5.57357,1.50,1.35
2011.05.24 09:16:12.261,5.57199,5.57357,1.50,1.35
2011.05.24 09:16:12.880,5.57242,5.574,1.50,1.35
2011.05.24 09:16:13.332,5.57251,5.574,1.50,1.35
2011.05.24 09:16:13.772,5.5724,5.574,1.50,1.35
2011.05.24 09:16:15.290,5.5724,5.574,1.50,1.35
2011.05.24 09:16:16.272,5.5724,5.57392,1.50,1.50
2011.05.24 09:16:17.797,5.57224,5.57389,1.50,1.50
2011.05.24 09:16:18.453,5.57214,5.57365,1.50,1.35
2011.05.24 09:16:19.012,5.57214,5.57365,1.50,1.35
2011.05.24 09:16:19.573,5.57214,5.57365,1.88,1.35
2011.05.24 09:16:19.802,5.57214,5.57365,1.88,1.35
2011.05.24 09:16:23.602,5.57224,5.57365,1.50,1.35
2011.05.24 09:16:24.237,5.57232,5.57402,1.50,1.35
2011.05.24 09:16:24.461,5.57245,5.57402,1.50,1.35
2011.05.24 09:16:25.120,5.57245,5.57402,1.50,1.35
2011.05.24 09:16:26.762,5.57245,5.57402,1.50,1.35
2011.05.24 09:16:26.870,5.57245,5.57402,1.50,1.35
2011.05.24 09:16:27.091,5.57268,5.57402,1.50,1.35
2011.05.24 09:16:27.204,5.57269,5.57402,1.50,1.35
2011.05.24 09:16:27.760,5.57276,5.57402,1.50,1.35
2011.05.24 09:16:28.392,5.57276,5.57402,1.50,1.35
2011.05.24 09:16:31.094,5.57269,5.5741,1.50,1.35
2011.05.24 09:16:32.451,5.57269,5.57405,1.50,1.35
2011.05.24 09:16:33.501,5.57276,5.57405,1.50,1.35
2011.05.24 09:16:33.831,5.57276,5.57402,1.50,1.35
2011.05.24 09:16:38.271,5.57276,5.57403,1.50,1.35
2011.05.24 09:16:40.579,5.57276,5.57402,1.50,1.35
2011.05.24 09:16:41.020,5.57268,5.57402,1.50,1.35
2011.05.24 09:16:41.733,5.57268,5.57402,1.50,1.35
2011.05.24 09:16:43.070,5.57277,5.57402,1.50,1.35
2011.05.24 09:16:43.181,5.5729,5.57448,1.13,1.35
2011.05.24 09:16:43.289,5.57297,5.57448,1.50,1.35
2011.05.24 09:16:45.221,5.57297,5.57448,1.50,1.35
2011.05.24 09:16:47.192,5.57289,5.57448,1.50,1.35
2011.05.24 09:16:47.302,5.57289,5.57451,1.50,1.35
2011.05.24 09:16:47.411,5.57314,5.57451,1.50,1.35
2011.05.24 09:16:50.210,5.57314,5.5745,1.50,1.35
2011.05.24 09:16:50.540,5.57307,5.5745,1.50,1.35
2011.05.24 09:16:52.429,5.57307,5.57448,1.50,1.35
2011.05.24 09:16:52.780,5.57308,5.57448,1.13,1.35
2011.05.24 09:16:53.723,5.57293,5.57448,1.50,1.35
2011.05.24 09:16:53.831,5.57293,5.57448,1.50,1.35
2011.05.24 09:16:54.492,5.57293,5.57448,1.50,1.35
2011.05.24 09:16:56.213,5.57287,5.57432,1.50,1.03
2011.05.24 09:17:02.901,5.57287,5.57432,1.50,1.03
2011.05.24 09:17:08.272,5.57287,5.57475,1.98,1.35
2011.05.24 09:17:08.492,5.57287,5.57478,1.98,1.50
2011.05.24 09:17:09.901,5.57297,5.57471,3.00,1.50
2011.05.24 09:17:10.561,5.57288,5.57482,3.00,1.26
2011.05.24 09:17:10.672,5.57288,5.57458,3.00,1.50
2011.05.24 09:17:11.002,5.57276,5.5748,1.50,1.74
2011.05.24 09:17:12.410,5.57268,5.57481,1.23,1.74
2011.05.24 09:17:13.795,5.57268,5.57482,3.48,1.26
2011.05.24 09:17:14.460,5.57274,5.57482,1.50,1.26
2011.05.24 09:17:16.443,5.57278,5.57482,3.00,1.26
2011.05.24 09:17:20.260,5.57278,5.57471,3.00,1.50
2011.05.24 09:17:21.560,5.57288,5.57472,3.00,1.50
2011.05.24 09:17:22.460,5.57288,5.57472,3.00,1.50
2011.05.24 09:17:22.791,5.57318,5.57498,3.00,1.50
2011.05.24 09:17:23.123,5.57327,5.57479,1.50,1.50
2011.05.24 09:17:23.233,5.57327,5.57482,1.50,1.03
2011.05.24 09:17:23.342,5.57327,5.57501,1.50,1.35
2011.05.24 09:17:24.110,5.57333,5.57501,1.50,1.35
2011.05.24 09:17:24.615,5.57333,5.57501,1.50,1.35
2011.05.24 09:17:25.424,5.57333,5.57501,1.50,1.35
2011.05.24 09:17:26.011,5.57333,5.57501,1.50,1.35
2011.05.24 09:17:26.121,5.57354,5.57501,1.50,1.35
2011.05.24 09:17:26.781,5.57368,5.57518,1.50,1.35
2011.05.24 09:17:26.890,5.57368,5.57518,1.50,1.35
2011.05.24 09:17:27.541,5.57367,5.57518,1.50,1.35
2011.05.24 09:17:27.871,5.57374,5.57518,1.50,1.35
2011.05.24 09:17:28.091,5.57374,5.57518,1.50,1.35
2011.05.24 09:17:29.210,5.57363,5.57518,1.50,1.35
2011.05.24 09:17:32.681,5.57354,5.57518,1.50,2.10
2011.05.24 09:17:33.765,5.57354,5.57515,1.50,1.50
2011.05.24 09:17:34.100,5.57348,5.57502,1.50,1.03
2011.05.24 09:17:35.752,5.57348,5.57517,1.50,1.50
2011.05.24 09:17:36.192,5.57356,5.57518,1.50,1.35
2011.05.24 09:17:36.412,5.57356,5.57518,1.50,1.35
2011.05.24 09:17:36.850,5.57363,5.57518,1.50,1.35
2011.05.24 09:17:38.280,5.57363,5.57524,1.50,1.25
2011.05.24 09:17:38.502,5.57378,5.57529,1.50,1.35
2011.05.24 09:17:39.263,5.57378,5.57522,1.50,1.35
2011.05.24 09:17:40.181,5.57386,5.57522,1.50,1.35
2011.05.24 09:17:40.730,5.57386,5.57527,1.50,1.35
2011.05.24 09:17:43.760,5.57376,5.5753,1.50,1.35
2011.05.24 09:17:44.640,5.57386,5.57526,1.50,1.35
2011.05.24 09:17:46.514,5.57385,5.57526,1.50,1.35
2011.05.24 09:17:49.751,5.57388,5.57553,1.50,1.35
2011.05.24 09:17:49.971,5.57398,5.57553,1.50,1.35
2011.05.24 09:17:50.411,5.57405,5.57553,1.50,1.35
2011.05.24 09:17:51.322,5.57405,5.57553,1.50,1.35
2011.05.24 09:17:53.032,5.57405,5.57553,1.50,1.35
2011.05.24 09:17:58.331,5.57405,5.57556,1.50,1.35
2011.05.24 09:17:58.551,5.57413,5.57556,1.50,1.35
2011.05.24 09:17:59.271,5.57424,5.57553,1.50,1.35
2011.05.24 09:17:59.492,5.57424,5.57574,1.50,1.35
2011.05.24 09:18:00.516,5.57424,5.57574,1.50,1.35
2011.05.24 09:18:02.886,5.57454,5.57594,1.50,1.03
2011.05.24 09:18:03.004,5.57459,5.57602,1.50,1.03
2011.05.24 09:18:03.342,5.57459,5.57602,1.50,1.03
2011.05.24 09:18:03.564,5.57459,5.57608,1.50,1.35
2011.05.24 09:18:04.011,5.57466,5.57608,1.50,1.35
2011.05.24 09:18:05.469,5.57466,5.57612,1.50,1.35
2011.05.24 09:18:09.770,5.57466,5.57606,1.50,1.35
2011.05.24 09:18:09.991,5.57466,5.57603,1.50,1.03
2011.05.24 09:18:10.760,5.57459,5.57603,1.50,1.03
2011.05.24 09:18:11.806,5.57459,5.57603,1.50,1.03
2011.05.24 09:18:12.251,5.57442,5.57603,1.50,1.03
2011.05.24 09:18:12.469,5.57442,5.57603,1.50,1.03
2011.05.24 09:18:12.813,5.57442,5.5759,1.50,1.35
2011.05.24 09:18:13.143,5.57427,5.5757,1.50,1.35
2011.05.24 09:18:13.252,5.57427,5.5757,1.50,1.35
2011.05.24 09:18:14.055,5.5742,5.5757,1.50,1.35
2011.05.24 09:18:15.143,5.5742,5.5757,1.50,1.35
2011.05.24 09:18:17.240,5.5742,5.5757,1.50,1.35
2011.05.24 09:18:19.131,5.57443,5.5757,1.50,1.35
2011.05.24 09:18:19.350,5.5745,5.5757,1.13,1.35
2011.05.24 09:18:19.682,5.57455,5.5757,1.50,1.35
2011.05.24 09:18:20.822,5.57455,5.5757,1.50,1.35
2011.05.24 09:18:21.150,5.57428,5.5757,1.50,1.35
2011.05.24 09:18:23.908,5.57428,5.5757,1.50,1.35
2011.05.24 09:18:25.798,5.57428,5.5757,1.50,1.35
2011.05.24 09:18:26.244,5.57419,5.57573,1.50,1.35
2011.05.24 09:18:26.581,5.57431,5.57573,1.50,1.35
2011.05.24 09:18:27.458,5.57438,5.5757,1.50,1.35
2011.05.24 09:18:27.901,5.57438,5.57576,1.50,1.35
2011.05.24 09:18:29.041,5.57429,5.57576,1.50,1.35
2011.05.24 09:18:29.939,5.57429,5.5757,1.50,1.35
2011.05.24 09:18:31.950,5.57436,5.5757,1.13,1.35
2011.05.24 09:18:32.060,5.57436,5.5757,1.13,1.35
2011.05.24 09:18:32.500,5.57448,5.57602,1.50,1.03
2011.05.24 09:18:34.878,5.57456,5.57602,1.50,1.03
2011.05.24 09:18:38.442,5.57456,5.57602,1.50,1.03
2011.05.24 09:18:40.544,5.57456,5.57602,1.50,1.03
2011.05.24 09:18:43.000,5.57456,5.57602,1.88,1.03
2011.05.24 09:18:43.707,5.57464,5.57608,1.50,1.35
2011.05.24 09:18:44.771,5.57464,5.57608,1.50,1.35
2011.05.24 09:18:44.990,5.57464,5.57602,1.50,1.03
2011.05.24 09:18:46.840,5.57453,5.57602,1.50,1.03
2011.05.24 09:18:48.934,5.57453,5.57602,1.50,1.03
2011.05.24 09:18:50.300,5.57453,5.57602,1.50,1.03
2011.05.24 09:18:56.595,5.57453,5.57603,1.50,1.03
2011.05.24 09:18:57.537,5.57453,5.5757,1.50,1.35
2011.05.24 09:18:57.871,5.57443,5.57539,1.50,1.50
2011.05.24 09:18:57.982,5.57408,5.57539,1.50,1.50
2011.05.24 09:18:58.089,5.57384,5.57539,1.50,1.50
2011.05.24 09:18:59.245,5.57384,5.57539,1.50,1.50
2011.05.24 09:19:00.391,5.57384,5.57532,1.50,1.35
2011.05.24 09:19:02.669,5.57384,5.57532,1.50,1.35
2011.05.24 09:19:04.769,5.57384,5.57532,1.50,1.35
2011.05.24 09:19:07.013,5.57384,5.57532,1.50,1.35
2011.05.24 09:19:08.240,5.57384,5.57532,1.50,1.35
2011.05.24 09:19:08.462,5.57387,5.57565,3.00,1.40
2011.05.24 09:19:10.271,5.57408,5.5757,1.50,1.25
2011.05.24 09:19:10.383,5.57408,5.5757,1.50,1.25
2011.05.24 09:19:10.820,5.57419,5.5757,1.50,1.25
2011.05.24 09:19:11.480,5.57432,5.57571,1.50,1.25
2011.05.24 09:19:12.054,5.57432,5.57571,1.50,1.25
2011.05.24 09:19:12.721,5.57415,5.57569,1.50,1.25
2011.05.24 09:19:12.830,5.57415,5.57574,1.50,1.03
2011.05.24 09:19:22.531,5.57415,5.57582,1.50,1.03
2011.05.24 09:19:22.970,5.57415,5.57578,1.50,1.03
2011.05.24 09:19:30.670,5.57415,5.57562,1.50,1.03
2011.05.24 09:19:31.003,5.57397,5.5755,1.50,1.25
2011.05.24 09:19:31.952,5.57389,5.5755,1.50,1.25
2011.05.24 09:19:32.500,5.57389,5.57546,1.50,1.03
2011.05.24 09:19:33.820,5.57389,5.57549,1.50,1.03
2011.05.24 09:19:38.293,5.57389,5.57528,1.50,1.03
2011.05.24 09:19:38.621,5.57389,5.57519,1.50,1.25
2011.05.24 09:19:38.732,5.57356,5.57519,1.50,1.25
2011.05.24 09:19:39.171,5.5735,5.57506,1.50,1.40
2011.05.24 09:19:39.281,5.5735,5.57506,1.50,1.40
2011.05.24 09:19:39.611,5.57321,5.57475,1.50,1.35
2011.05.24 09:19:39.833,5.57309,5.5747,1.50,1.50
2011.05.24 09:19:39.941,5.57309,5.5747,1.50,1.50
2011.05.24 09:19:40.161,5.57309,5.57468,1.50,1.50
2011.05.24 09:19:40.382,5.57274,5.57434,1.50,1.35
2011.05.24 09:19:40.491,5.57274,5.57446,1.50,1.50
2011.05.24 09:19:42.383,5.57274,5.57443,1.50,1.50
2011.05.24 09:19:42.810,5.57282,5.57447,1.50,1.50
2011.05.24 09:19:43.582,5.57282,5.57447,1.50,1.50
2011.05.24 09:19:44.942,5.57282,5.57439,1.50,1.50
2011.05.24 09:19:45.711,5.57282,5.57432,1.50,1.50
2011.05.24 09:19:45.820,5.57268,5.57432,3.75,1.50
2011.05.24 09:19:46.951,5.57268,5.57428,1.50,1.50
2011.05.24 09:19:48.314,5.57268,5.57435,1.50,1.50
2011.05.24 09:19:49.500,5.57268,5.5744,1.50,1.13
2011.05.24 09:19:49.612,5.57287,5.57454,1.23,1.35
2011.05.24 09:19:50.513,5.57288,5.57464,3.00,2.10
2011.05.24 09:19:51.353,5.57296,5.57454,1.50,1.50
2011.05.24 09:19:51.912,5.57286,5.57454,1.50,1.50
2011.05.24 09:19:55.252,5.57287,5.57458,1.23,1.50
2011.05.24 09:19:56.561,5.57287,5.57459,1.23,1.50
2011.05.24 09:19:58.559,5.57286,5.57452,1.50,1.50
2011.05.24 09:20:00.301,5.57288,5.57459,1.23,1.50
2011.05.24 09:20:02.113,5.57288,5.57461,1.23,1.50
2011.05.24 09:20:07.049,5.57287,5.57458,1.23,1.50
2011.05.24 09:20:10.571,5.57287,5.5746,1.23,1.50
2011.05.24 09:20:15.734,5.57287,5.57473,1.98,1.35
2011.05.24 09:20:15.853,5.57327,5.57483,1.50,1.35
2011.05.24 09:20:16.183,5.57328,5.57483,1.98,1.35
2011.05.24 09:20:16.620,5.57335,5.57483,1.50,1.35
2011.05.24 09:20:17.871,5.57335,5.57503,1.50,1.35
2011.05.24 09:20:18.320,5.57344,5.57503,1.50,1.35
2011.05.24 09:20:19.045,5.57344,5.57503,1.50,1.35
2011.05.24 09:20:19.577,5.57336,5.57499,1.50,1.50
2011.05.24 09:20:19.692,5.57336,5.57495,1.50,1.50
2011.05.24 09:20:21.223,5.57329,5.57498,1.50,1.50
2011.05.24 09:20:22.540,5.57329,5.57503,1.50,1.35
2011.05.24 09:20:22.650,5.57329,5.57505,1.50,1.35
2011.05.24 09:20:22.980,5.57357,5.57533,1.50,1.35
2011.05.24 09:20:29.572,5.57348,5.57525,1.50,1.25
2011.05.24 09:20:29.792,5.57341,5.57508,1.50,1.25
2011.05.24 09:20:35.211,5.57348,5.57523,1.50,1.25
2011.05.24 09:20:35.658,5.57379,5.57523,1.50,1.03
2011.05.24 09:20:39.057,5.57379,5.57529,1.50,1.03
2011.05.24 09:20:39.391,5.5739,5.57529,1.50,1.03
2011.05.24 09:20:43.682,5.57365,5.57384,1.50,1.35
2011.05.24 09:20:43.792,5.57252,5.57384,1.13,1.35
2011.05.24 09:20:44.012,5.57272,5.57463,3.75,1.63
2011.05.24 09:20:44.121,5.57272,5.5752,3.75,1.63
2011.05.24 09:20:44.231,5.57279,5.5752,4.50,1.63
2011.05.24 09:20:47.441,5.5728,5.57463,1.50,1.03
2011.05.24 09:20:47.770,5.5727,5.57463,1.50,1.03
2011.05.24 09:20:49.084,5.57292,5.57463,1.13,1.03
2011.05.24 09:20:49.420,5.57292,5.57463,1.88,1.03
2011.05.24 09:20:49.661,5.57292,5.57463,1.50,1.03
2011.05.24 09:20:49.771,5.57292,5.5744,1.50,1.35
2011.05.24 09:20:49.881,5.57292,5.57432,1.50,1.35
2011.05.24 09:20:52.663,5.5727,5.57432,1.50,1.35
2011.05.24 09:20:54.958,5.5727,5.57432,1.50,1.35
2011.05.24 09:20:56.393,5.57269,5.57432,1.50,1.35
2011.05.24 09:21:00.360,5.57269,5.57432,1.50,1.35
2011.05.24 09:21:01.091,5.57269,5.57432,1.50,1.35
2011.05.24 09:21:01.311,5.57261,5.57426,1.50,1.50
2011.05.24 09:21:03.712,5.57261,5.57432,1.50,1.35
2011.05.24 09:21:06.944,5.57275,5.57432,1.50,1.35
2011.05.24 09:21:08.730,5.57275,5.57433,1.50,1.35
2011.05.24 09:21:11.271,5.57275,5.57432,1.50,1.35
2011.05.24 09:21:12.452,5.57267,5.57429,1.50,1.50
2011.05.24 09:21:12.560,5.57267,5.57429,1.50,1.50
2011.05.24 09:21:13.611,5.57267,5.5743,1.50,1.50
2011.05.24 09:21:16.839,5.57267,5.5743,1.50,1.50
2011.05.24 09:21:17.281,5.57267,5.57422,1.50,1.50
2011.05.24 09:21:17.920,5.57238,5.57401,1.50,1.13
2011.05.24 09:21:18.038,5.57231,5.57389,1.50,1.35
2011.05.24 09:21:18.591,5.57231,5.57389,1.50,2.10
2011.05.24 09:21:22.500,5.57231,5.57389,1.50,1.35
2011.05.24 09:21:25.200,5.57231,5.57389,1.50,1.35
2011.05.24 09:21:27.510,5.57231,5.57389,1.50,1.35
2011.05.24 09:21:31.341,5.57231,5.57387,1.50,1.50
2011.05.24 09:21:32.120,5.57224,5.57382,1.50,1.03
2011.05.24 09:21:32.403,5.57224,5.57382,1.50,1.03
2011.05.24 09:21:35.531,5.57224,5.57389,1.50,2.10
2011.05.24 09:21:36.610,5.57224,5.57389,1.50,1.35
2011.05.24 09:21:36.832,5.57224,5.57375,1.50,1.50
2011.05.24 09:21:37.273,5.57211,5.5737,1.50,1.50
2011.05.24 09:21:37.492,5.57211,5.57359,1.50,1.50
2011.05.24 09:21:38.040,5.57197,5.57354,1.50,1.35
2011.05.24 09:21:41.262,5.57197,5.57361,1.50,1.73
2011.05.24 09:21:45.191,5.57197,5.57354,1.50,1.35
2011.05.24 09:21:48.321,5.57197,5.57354,1.50,1.35
2011.05.24 09:21:48.870,5.57197,5.57362,3.75,1.03
2011.05.24 09:21:49.200,5.57209,5.57362,1.50,1.03
2011.05.24 09:21:49.861,5.57201,5.57346,1.50,1.35
2011.05.24 09:21:49.972,5.57201,5.57341,1.50,1.35
2011.05.24 09:21:50.193,5.57174,5.57341,1.50,1.35
2011.05.24 09:21:50.305,5.5716,5.57306,1.50,1.35
2011.05.24 09:21:51.155,5.5716,5.57306,1.50,1.35
2011.05.24 09:21:52.042,5.5716,5.57306,1.50,1.35
2011.05.24 09:21:52.370,5.57153,5.57306,1.50,1.35
2011.05.24 09:21:53.741,5.57153,5.57295,1.50,1.50
2011.05.24 09:21:54.073,5.57129,5.57301,1.50,1.50
2011.05.24 09:21:54.956,5.57129,5.57272,1.50,1.35
2011.05.24 09:21:57.038,5.57131,5.57276,1.50,1.35
2011.05.24 09:21:57.375,5.57131,5.57272,1.50,1.35
2011.05.24 09:21:57.933,5.57131,5.57272,1.50,1.35
2011.05.24 09:21:58.771,5.57131,5.57272,1.50,1.35
2011.05.24 09:22:00.073,5.57138,5.57281,1.50,1.35
2011.05.24 09:22:00.291,5.57146,5.57281,1.50,1.35
2011.05.24 09:22:05.620,5.57146,5.57306,1.50,1.35
2011.05.24 09:22:06.580,5.57146,5.57306,1.50,1.35
2011.05.24 09:22:06.911,5.57154,5.57306,1.50,1.35
2011.05.24 09:22:07.861,5.57154,5.57306,1.50,1.35
2011.05.24 09:22:08.082,5.57154,5.57306,1.50,1.35
2011.05.24 09:22:08.984,5.57154,5.57306,1.50,1.35
2011.05.24 09:22:12.031,5.57154,5.57306,1.50,1.35
2011.05.24 09:22:12.252,5.57154,5.57306,1.50,1.35
2011.05.24 09:22:12.802,5.57166,5.57318,1.50,1.35
2011.05.24 09:22:13.281,5.57188,5.57341,1.50,1.35
2011.05.24 09:22:15.134,5.57188,5.57341,1.50,1.35
2011.05.24 09:22:15.463,5.57181,5.57335,1.50,1.50
2011.05.24 09:22:15.681,5.57172,5.57337,1.50,1.50
2011.05.24 09:22:16.230,5.57173,5.5734,1.50,1.50
2011.05.24 09:22:17.041,5.57173,5.5734,1.50,1.50
2011.05.24 09:22:18.023,5.57164,5.57307,1.50,1.35
2011.05.24 09:22:18.242,5.57154,5.57307,1.50,1.35
2011.05.24 09:22:20.832,5.57154,5.57307,1.50,1.35
2011.05.24 09:22:23.081,5.57154,5.57307,1.50,1.35
2011.05.24 09:22:24.243,5.57154,5.57307,1.50,1.35
2011.05.24 09:22:24.467,5.57158,5.57303,1.50,1.03
2011.05.24 09:22:24.583,5.57182,5.57322,1.50,1.50
2011.05.24 09:22:25.140,5.57173,5.57333,1.50,1.03
2011.05.24 09:22:25.982,5.57167,5.57269,2.25,2.48
2011.05.24 09:22:26.483,5.57142,5.57255,1.50,1.35
2011.05.24 09:22:26.606,5.57097,5.57249,1.23,1.35
2011.05.24 09:22:26.723,5.57095,5.57236,1.50,1.35
2011.05.24 09:22:26.832,5.57083,5.57236,1.50,1.35
2011.05.24 09:22:27.742,5.57084,5.57235,1.50,1.35
2011.05.24 09:22:28.101,5.57147,5.57235,2.25,1.35
2011.05.24 09:22:28.212,5.57147,5.57285,3.00,1.74
2011.05.24 09:22:28.433,5.57147,5.57234,3.00,1.35
2011.05.24 09:22:28.763,5.57117,5.57234,3.75,1.35
2011.05.24 09:22:28.874,5.57058,5.57221,3.75,1.35
2011.05.24 09:22:28.991,5.57058,5.57221,1.50,1.35
2011.05.24 09:22:29.652,5.57048,5.57219,1.50,1.35
2011.05.24 09:22:30.093,5.57038,5.572,1.23,1.35
2011.05.24 09:22:30.638,5.5705,5.57204,1.50,1.35
2011.05.24 09:22:31.083,5.57062,5.57216,1.50,1.35
2011.05.24 09:22:32.381,5.57062,5.57223,1.50,1.35
2011.05.24 09:22:32.491,5.57062,5.57223,1.50,1.35
2011.05.24 09:22:34.233,5.57078,5.57223,1.23,1.35
2011.05.24 09:22:35.462,5.57062,5.57223,1.50,1.35
2011.05.24 09:22:36.702,5.57062,5.57223,1.50,1.35
2011.05.24 09:22:37.601,5.57062,5.57229,1.50,1.35
2011.05.24 09:22:37.822,5.57062,5.57223,1.50,1.35
2011.05.24 09:22:38.633,5.57074,5.57223,1.50,1.35
2011.05.24 09:22:40.225,5.57074,5.57223,1.50,1.35
2011.05.24 09:22:40.561,5.57073,5.57223,1.50,1.35
2011.05.24 09:22:40.672,5.57063,5.57223,1.50,1.35
2011.05.24 09:22:41.111,5.57076,5.57223,1.50,1.35
2011.05.24 09:22:41.330,5.57067,5.57223,1.50,1.35
2011.05.24 09:22:41.661,5.57067,5.57223,1.50,1.35
2011.05.24 09:22:41.882,5.57067,5.57198,1.50,1.35
2011.05.24 09:22:42.212,5.57038,5.57184,1.23,1.35
2011.05.24 09:22:42.322,5.57038,5.57178,1.23,1.35
2011.05.24 09:22:42.650,5.57024,5.57178,1.50,1.35
2011.05.24 09:22:43.903,5.57024,5.57183,1.50,1.73
2011.05.24 09:22:44.351,5.57035,5.57178,1.50,1.35
2011.05.24 09:22:45.149,5.57035,5.57178,1.50,1.35
2011.05.24 09:22:46.252,5.57017,5.57164,1.23,1.35
2011.05.24 09:22:46.979,5.56988,5.57153,1.50,1.50
2011.05.24 09:22:47.313,5.56961,5.57116,1.50,1.35
2011.05.24 09:22:47.846,5.56954,5.57116,1.50,1.35
2011.05.24 09:22:48.183,5.56955,5.57045,1.50,1.35
2011.05.24 09:22:48.295,5.56928,5.57034,3.00,1.50
2011.05.24 09:22:48.414,5.56928,5.57003,2.25,1.73
2011.05.24 09:22:48.537,5.56898,5.56999,3.75,1.35
2011.05.24 09:22:48.655,5.56877,5.56992,3.00,4.50
2011.05.24 09:22:48.776,5.56877,5.56991,3.00,1.13
2011.05.24 09:22:48.896,5.56877,5.56982,3.00,1.50
2011.05.24 09:22:49.014,5.56877,5.56982,3.00,1.50
2011.05.24 09:22:49.353,5.56827,5.56994,1.50,1.50
2011.05.24 09:22:49.573,5.56827,5.56994,1.50,1.50
2011.05.24 09:22:49.802,5.56843,5.56999,1.50,1.35
2011.05.24 09:22:50.305,5.56816,5.56999,1.50,1.35
2011.05.24 09:22:50.428,5.56816,5.56993,1.50,1.50
2011.05.24 09:22:50.872,5.56829,5.56992,1.50,1.50
2011.05.24 09:22:51.506,5.56807,5.56974,1.50,1.50
2011.05.24 09:22:52.481,5.56807,5.56975,1.50,1.50
2011.05.24 09:22:53.371,5.56819,5.56993,1.13,1.50
2011.05.24 09:22:53.486,5.56807,5.56999,1.50,1.35
2011.05.24 09:22:53.823,5.56838,5.56999,3.00,1.35
2011.05.24 09:22:54.041,5.56828,5.56999,1.50,1.35
2011.05.24 09:22:54.470,5.56828,5.56999,1.50,1.35
2011.05.24 09:22:54.832,5.56848,5.56999,1.50,1.35
2011.05.24 09:22:55.410,5.56848,5.56999,1.50,1.35
2011.05.24 09:22:56.210,5.56848,5.56999,1.50,1.35
2011.05.24 09:22:56.431,5.56841,5.56999,1.50,1.35
2011.05.24 09:22:56.542,5.56819,5.56999,1.50,1.35
2011.05.24 09:22:57.093,5.56819,5.56999,1.50,1.35
2011.05.24 09:22:57.202,5.56838,5.56999,1.23,1.35
2011.05.24 09:22:57.311,5.56831,5.56999,1.50,1.35
2011.05.24 09:22:57.423,5.56831,5.56999,1.50,1.35
2011.05.24 09:22:57.753,5.56857,5.56999,1.23,1.35
2011.05.24 09:22:57.972,5.56857,5.56999,1.23,1.35
2011.05.24 09:22:59.053,5.56857,5.56999,1.23,1.35
2011.05.24 09:22:59.167,5.56857,5.57029,1.23,1.35
2011.05.24 09:22:59.390,5.56876,5.57029,1.23,1.35
2011.05.24 09:22:59.503,5.56878,5.57029,1.23,1.35
2011.05.24 09:23:00.161,5.56878,5.57046,1.23,1.35
2011.05.24 09:23:00.272,5.56899,5.57065,1.50,1.50
2011.05.24 09:23:01.263,5.56899,5.57032,1.50,2.25
2011.05.24 09:23:01.481,5.56899,5.57053,1.50,3.00
2011.05.24 09:23:01.701,5.56906,5.57032,1.50,2.25
2011.05.24 09:23:01.921,5.56884,5.57032,1.50,2.63
2011.05.24 09:23:02.941,5.56898,5.57042,1.23,2.25
2011.05.24 09:23:03.271,5.56898,5.57042,1.23,2.25
2011.05.24 09:23:04.041,5.56901,5.57042,1.50,2.25
2011.05.24 09:23:04.151,5.56901,5.57053,1.50,3.00
2011.05.24 09:23:05.317,5.56901,5.57043,1.50,2.25
2011.05.24 09:23:05.433,5.56893,5.57033,1.50,2.25
2011.05.24 09:23:06.362,5.56893,5.57033,1.50,3.00
2011.05.24 09:23:06.692,5.56874,5.57025,1.50,2.10
2011.05.24 09:23:06.913,5.56865,5.57003,1.50,2.25
2011.05.24 09:23:07.461,5.56866,5.57002,1.50,2.25
2011.05.24 09:23:07.793,5.56858,5.57002,1.50,2.25
2011.05.24 09:23:08.522,5.56881,5.57002,1.23,2.25
2011.05.24 09:23:08.854,5.56854,5.56981,1.50,1.35
2011.05.24 09:23:09.301,5.56848,5.56962,1.50,2.25
2011.05.24 09:23:10.901,5.56848,5.56963,1.50,2.25
2011.05.24 09:23:14.360,5.56847,5.56972,1.50,2.63
2011.05.24 09:23:14.690,5.56847,5.56963,1.50,2.25
2011.05.24 09:23:16.889,5.56847,5.56962,1.50,2.25
2011.05.24 09:23:18.206,5.5684,5.56962,1.50,2.25
2011.05.24 09:23:22.452,5.56823,5.56972,1.50,2.25
2011.05.24 09:23:22.564,5.56847,5.56972,1.23,2.25
2011.05.24 09:23:22.785,5.56858,5.57002,1.50,2.25
2011.05.24 09:23:24.023,5.56858,5.57002,1.50,3.28
2011.05.24 09:23:24.616,5.56858,5.56993,1.50,3.00
2011.05.24 09:23:25.734,5.56858,5.56993,1.50,3.00
2011.05.24 09:23:26.076,5.56873,5.57019,1.50,1.35
2011.05.24 09:23:26.523,5.56873,5.57019,1.50,1.35
2011.05.24 09:23:26.742,5.56873,5.57012,1.50,3.00
2011.05.24 09:23:27.182,5.56866,5.57019,1.50,1.35
2011.05.24 09:23:27.292,5.56866,5.57019,1.50,1.35
2011.05.24 09:23:27.622,5.56868,5.57013,1.50,3.00
2011.05.24 09:23:28.075,5.5686,5.56982,1.50,3.00
2011.05.24 09:23:29.258,5.56868,5.57012,1.50,3.00
2011.05.24 09:23:29.374,5.56896,5.57013,1.50,3.00
2011.05.24 09:23:29.705,5.56889,5.57033,1.13,3.00
2011.05.24 09:23:29.932,5.56906,5.57052,1.50,1.50
2011.05.24 09:23:30.042,5.56906,5.57052,1.50,1.50
2011.05.24 09:23:30.264,5.56922,5.57057,1.50,1.35
2011.05.24 09:23:31.142,5.56929,5.57057,1.50,1.35
2011.05.24 09:23:32.296,5.56929,5.57057,1.50,1.35
2011.05.24 09:23:33.878,5.56903,5.57042,1.50,1.78
2011.05.24 09:23:33.993,5.56889,5.57032,1.50,3.00
2011.05.24 09:23:34.790,5.56889,5.57032,1.50,3.00
2011.05.24 09:23:35.921,5.56889,5.57032,1.50,3.00
2011.05.24 09:23:36.032,5.56912,5.57032,1.50,3.00
2011.05.24 09:23:36.362,5.56925,5.57057,1.50,1.35
2011.05.24 09:23:36.471,5.56903,5.57057,1.50,1.35
2011.05.24 09:23:37.352,5.56911,5.57057,1.50,1.35
2011.05.24 09:23:37.462,5.56911,5.57057,1.50,1.35
2011.05.24 09:23:37.792,5.56921,5.57057,1.50,1.35
2011.05.24 09:23:38.011,5.56921,5.57057,1.50,1.35
2011.05.24 09:23:38.341,5.56931,5.57057,1.50,1.35
2011.05.24 09:23:39.132,5.56931,5.57057,1.50,1.35
2011.05.24 09:23:40.250,5.56917,5.57062,1.50,3.00
2011.05.24 09:23:40.580,5.56931,5.57062,1.50,3.00
2011.05.24 09:23:41.151,5.56931,5.57063,1.50,3.00
2011.05.24 09:23:42.042,5.56931,5.57063,1.50,3.00
2011.05.24 09:23:42.155,5.56947,5.57063,1.50,2.63
2011.05.24 09:23:42.275,5.56947,5.57063,1.50,2.63
2011.05.24 09:23:42.724,5.56968,5.57102,1.50,3.00
2011.05.24 09:23:42.836,5.56968,5.57117,1.50,1.35
2011.05.24 09:23:43.063,5.5699,5.57142,1.50,1.03
2011.05.24 09:23:43.502,5.57001,5.57113,1.50,3.00
2011.05.24 09:23:43.941,5.56993,5.57143,1.50,3.00
2011.05.24 09:23:44.271,5.57006,5.57143,1.50,3.00
2011.05.24 09:23:44.383,5.57006,5.57143,1.50,3.00
2011.05.24 09:23:44.899,5.56996,5.57143,1.50,3.00
2011.05.24 09:23:45.018,5.56996,5.57142,1.50,1.03
2011.05.24 09:23:45.352,5.56989,5.57133,1.50,3.00
2011.05.24 09:23:45.792,5.5699,5.57133,1.50,3.00
2011.05.24 09:23:45.902,5.56988,5.57103,1.50,1.03
2011.05.24 09:23:46.011,5.56965,5.57103,1.50,3.28
2011.05.24 09:23:46.791,5.56953,5.57103,1.50,3.28
2011.05.24 09:23:47.383,5.56953,5.57103,1.50,3.28
2011.05.24 09:23:47.491,5.5696,5.57103,1.50,3.28
2011.05.24 09:23:48.371,5.5696,5.57102,1.50,3.00
2011.05.24 09:23:49.542,5.5696,5.57103,1.50,3.00
2011.05.24 09:23:50.602,5.5699,5.57143,1.13,3.00
2011.05.24 09:23:54.170,5.56985,5.57142,1.13,3.00
2011.05.24 09:23:55.294,5.56991,5.57142,1.50,3.00
2011.05.24 09:23:55.401,5.56991,5.57142,1.50,3.00
2011.05.24 09:23:55.625,5.57014,5.57142,1.50,2.63
2011.05.24 09:23:55.960,5.57029,5.57183,1.13,3.00
2011.05.24 09:23:56.564,5.57055,5.57195,1.13,1.35
2011.05.24 09:23:56.782,5.57056,5.57195,1.13,1.35
2011.05.24 09:23:57.712,5.57069,5.572,1.50,1.35
2011.05.24 09:23:57.930,5.57084,5.57235,1.13,1.35
2011.05.24 09:23:58.321,5.57081,5.57232,1.13,1.50
2011.05.24 09:23:58.544,5.57057,5.57232,1.50,1.03
2011.05.24 09:23:58.761,5.57066,5.57222,1.13,3.00
2011.05.24 09:23:59.424,5.57066,5.57212,1.13,1.03
2011.05.24 09:24:00.094,5.57057,5.57183,1.50,3.00
2011.05.24 09:24:00.215,5.57027,5.57183,3.00,3.00
2011.05.24 09:24:02.086,5.57034,5.57183,1.13,3.00
2011.05.24 09:24:02.971,5.57021,5.57172,1.13,3.28
2011.05.24 09:24:03.192,5.57021,5.57172,1.13,3.28
2011.05.24 09:24:03.412,5.57005,5.57172,1.50,3.28
2011.05.24 09:24:03.633,5.57004,5.57153,1.13,1.03
2011.05.24 09:24:05.811,5.57004,5.57152,1.13,1.03
2011.05.24 09:24:07.442,5.56998,5.57152,1.13,1.03
2011.05.24 09:24:08.932,5.56979,5.57132,1.13,3.00
2011.05.24 09:24:09.265,5.56966,5.57122,1.13,3.00
2011.05.24 09:24:09.382,5.56966,5.57112,1.13,1.03
2011.05.24 09:24:09.494,5.56952,5.57112,1.50,1.03
2011.05.24 09:24:09.724,5.56949,5.57092,1.13,3.00
2011.05.24 09:24:10.273,5.56918,5.57072,3.00,1.35
2011.05.24 09:24:10.493,5.56901,5.5707,1.13,1.50
2011.05.24 09:24:11.296,5.56901,5.57053,1.13,1.03
2011.05.24 09:24:11.522,5.56906,5.57053,1.13,1.03
2011.05.24 09:24:12.622,5.5691,5.57053,1.13,3.28
2011.05.24 09:24:15.351,5.56906,5.57053,1.13,3.00
2011.05.24 09:24:16.565,5.56903,5.57052,1.13,3.00
2011.05.24 09:24:17.425,5.56938,5.57062,1.50,2.63
2011.05.24 09:24:17.546,5.56948,5.57062,1.13,2.63
2011.05.24 09:24:17.775,5.56979,5.57118,1.50,1.35
2011.05.24 09:24:17.894,5.56986,5.57118,1.13,1.35
2011.05.24 09:24:18.543,5.57006,5.57153,1.13,1.03
2011.05.24 09:24:18.982,5.56991,5.57141,1.50,1.50
2011.05.24 09:24:19.092,5.56992,5.57153,1.13,1.78
2011.05.24 09:24:19.202,5.56992,5.57112,1.13,3.00
2011.05.24 09:24:20.084,5.56992,5.57143,1.13,3.00
2011.05.24 09:24:20.425,5.56967,5.57132,1.13,1.03
2011.05.24 09:24:20.542,5.56967,5.57113,1.13,1.03
2011.05.24 09:24:22.973,5.56964,5.57112,1.13,3.00
2011.05.24 09:24:23.301,5.56959,5.57112,1.13,3.00
2011.05.24 09:24:26.733,5.56972,5.57102,1.13,3.00
2011.05.24 09:24:27.062,5.56975,5.57125,1.13,1.35
2011.05.24 09:24:28.340,5.56976,5.57125,1.13,1.35
2011.05.24 09:24:29.042,5.5696,5.57122,1.50,3.00
2011.05.24 09:24:29.482,5.56958,5.57103,1.13,3.00
2011.05.24 09:24:30.739,5.56957,5.57092,1.13,3.28
2011.05.24 09:24:31.071,5.56941,5.57082,1.13,3.00
2011.05.24 09:24:31.512,5.56941,5.57082,1.13,3.00
2011.05.24 09:24:31.861,5.56935,5.57082,1.13,3.00
2011.05.24 09:24:32.623,5.56948,5.57082,1.13,3.00
2011.05.24 09:24:32.841,5.56948,5.57083,1.13,1.35
2011.05.24 09:24:33.912,5.56952,5.57083,1.13,1.35
2011.05.24 09:24:34.131,5.56958,5.57083,1.50,1.35
2011.05.24 09:24:34.242,5.56966,5.57092,1.13,3.00
2011.05.24 09:24:36.647,5.56956,5.57102,1.13,3.00
2011.05.24 09:24:37.141,5.5695,5.57102,1.13,3.00
2011.05.24 09:24:39.072,5.56947,5.57092,1.50,3.00
2011.05.24 09:24:39.290,5.56944,5.57092,1.13,3.00
2011.05.24 09:24:41.435,5.56958,5.57092,1.13,3.00
2011.05.24 09:24:41.555,5.56961,5.57092,1.50,3.00
2011.05.24 09:24:41.783,5.56976,5.57123,1.13,1.35
2011.05.24 09:24:42.801,5.56963,5.57123,1.88,1.35
2011.05.24 09:24:42.914,5.56981,5.57113,1.13,1.03
2011.05.24 09:24:43.745,5.56967,5.57123,3.38,3.60
2011.05.24 09:24:43.865,5.56981,5.57112,1.13,3.00
2011.05.24 09:24:43.982,5.56963,5.57112,1.88,3.00
2011.05.24 09:24:44.202,5.56978,5.57122,1.13,3.00
2011.05.24 09:24:45.822,5.5698,5.57123,1.13,3.60
2011.05.24 09:24:46.711,5.56965,5.57123,1.13,1.35
2011.05.24 09:24:46.822,5.56987,5.57123,1.13,1.35
2011.05.24 09:24:46.932,5.5699,5.57112,1.13,3.00
2011.05.24 09:24:47.262,5.56961,5.57113,1.13,1.03
2011.05.24 09:24:47.814,5.56949,5.57102,1.13,3.00
2011.05.24 09:24:48.032,5.56949,5.57093,1.13,3.00
2011.05.24 09:24:48.251,5.56941,5.57093,1.50,3.28
2011.05.24 09:24:48.474,5.56941,5.57083,1.50,3.00
2011.05.24 09:24:49.222,5.56935,5.57083,1.13,3.00
2011.05.24 09:24:51.885,5.56924,5.57073,1.50,3.28
2011.05.24 09:24:52.112,5.56897,5.57053,1.50,1.03
2011.05.24 09:24:53.843,5.56897,5.57053,1.50,3.28
2011.05.24 09:24:54.605,5.56897,5.57048,1.50,1.35
2011.05.24 09:24:54.724,5.56889,5.57033,1.13,1.03
2011.05.24 09:24:55.421,5.56891,5.57048,1.13,1.35
2011.05.24 09:24:55.876,5.56891,5.57048,1.13,1.35
2011.05.24 09:24:56.982,5.56892,5.57048,1.13,1.35
2011.05.24 09:24:58.323,5.56901,5.57048,1.13,1.35
2011.05.24 09:24:58.540,5.56901,5.57048,1.13,1.35
2011.05.24 09:25:02.261,5.569,5.57048,1.50,1.35
2011.05.24 09:25:03.414,5.56892,5.57032,1.50,3.00
2011.05.24 09:25:03.644,5.56879,5.57032,1.13,1.03
2011.05.24 09:25:03.762,5.56871,5.57032,1.50,1.03
2011.05.24 09:25:03.985,5.56865,5.57012,1.88,1.03
2011.05.24 09:25:04.103,5.56857,5.57012,3.00,1.03
2011.05.24 09:25:04.761,5.56853,5.57012,1.50,1.03
2011.05.24 09:25:06.024,5.56853,5.57012,1.50,1.03
2011.05.24 09:25:07.763,5.56843,5.57003,1.13,3.00
2011.05.24 09:25:07.872,5.5684,5.57003,1.50,3.00
2011.05.24 09:25:07.985,5.56828,5.56983,1.50,3.00
2011.05.24 09:25:08.574,5.56829,5.56972,1.50,3.00
2011.05.24 09:25:09.070,5.56829,5.56972,1.50,3.00
2011.05.24 09:25:10.022,5.56829,5.56972,1.50,3.00
2011.05.24 09:25:10.353,5.56817,5.56965,3.00,1.50
2011.05.24 09:25:10.464,5.56789,5.56952,1.50,1.03
2011.05.24 09:25:11.213,5.568,5.56972,1.50,3.00
2011.05.24 09:25:11.983,5.568,5.56973,1.50,3.28
2011.05.24 09:25:13.721,5.568,5.56942,1.50,3.00
2011.05.24 09:25:13.941,5.568,5.56942,1.50,3.00
2011.05.24 09:25:14.052,5.56792,5.56923,1.50,3.00
2011.05.24 09:25:14.163,5.56792,5.56923,1.50,3.00
2011.05.24 09:25:14.272,5.56792,5.56912,1.50,3.00
2011.05.24 09:25:14.712,5.56792,5.56922,1.50,3.00
2011.05.24 09:25:14.821,5.56792,5.56922,1.50,3.00
2011.05.24 09:25:15.883,5.56775,5.56902,1.50,3.00
2011.05.24 09:25:17.433,5.56775,5.56902,1.50,3.00
2011.05.24 09:25:20.352,5.56775,5.56912,1.50,3.00
2011.05.24 09:25:20.683,5.56775,5.56893,1.50,3.00
2011.05.24 09:25:20.791,5.56766,5.56893,1.50,3.00
2011.05.24 09:25:22.982,5.56774,5.56902,1.13,3.00
2011.05.24 09:25:23.642,5.56766,5.56893,1.50,3.00
2011.05.24 09:25:24.904,5.56773,5.56893,1.13,3.00
2011.05.24 09:25:25.454,5.56771,5.56903,1.13,3.00
2011.05.24 09:25:25.673,5.56767,5.56903,1.13,3.00
2011.05.24 09:25:25.784,5.56763,5.56873,1.13,2.25
2011.05.24 09:25:26.114,5.56763,5.56902,1.13,3.00
2011.05.24 09:25:26.443,5.56749,5.56894,1.50,1.35
2011.05.24 09:25:26.553,5.5675,5.56873,1.50,3.00
2011.05.24 09:25:27.101,5.56745,5.56872,1.13,3.00
2011.05.24 09:25:27.826,5.56745,5.56863,1.13,3.00
2011.05.24 09:25:28.313,5.56729,5.56863,1.50,3.00
2011.05.24 09:25:28.531,5.56753,5.56863,1.13,2.25
2011.05.24 09:25:28.753,5.56747,5.56873,1.50,3.00
2011.05.24 09:25:29.081,5.56747,5.56853,1.50,3.00
2011.05.24 09:25:29.791,5.56736,5.56853,1.50,3.00
2011.05.24 09:25:29.901,5.56738,5.56853,1.13,2.63
2011.05.24 09:25:30.122,5.56727,5.56853,1.50,3.00
2011.05.24 09:25:30.672,5.56727,5.56823,1.50,3.00
2011.05.24 09:25:32.697,5.56723,5.56823,1.13,2.25
2011.05.24 09:25:32.814,5.56707,5.56823,1.88,3.00
2011.05.24 09:25:33.373,5.56715,5.56832,1.50,3.00
2011.05.24 09:25:33.594,5.56725,5.56832,1.13,2.25
2011.05.24 09:25:33.814,5.56737,5.56843,1.50,2.25
2011.05.24 09:25:33.934,5.56759,5.56873,1.13,3.00
2011.05.24 09:25:34.486,5.56759,5.56872,1.13,2.63
2011.05.24 09:25:34.712,5.56759,5.56862,1.13,2.25
2011.05.24 09:25:34.932,5.56754,5.56872,1.13,3.00
2011.05.24 09:25:35.381,5.56754,5.56872,1.13,3.00
2011.05.24 09:25:35.971,5.56758,5.56872,1.13,2.63
2011.05.24 09:25:36.745,5.56745,5.56853,1.13,2.25
2011.05.24 09:25:38.433,5.56745,5.56852,1.13,2.25
2011.05.24 09:25:38.540,5.56745,5.56852,1.13,2.25
2011.05.24 09:25:39.155,5.56732,5.56852,1.50,3.00
