2011.05.18 13:00:00.286,5.5876,5.58852,1.50,1.50
2011.05.18 13:00:00.404,5.5876,5.58853,1.50,1.50
2011.05.18 13:00:00.514,5.58768,5.58852,1.50,1.50
2011.05.18 13:00:00.845,5.58814,5.58912,1.50,1.50
2011.05.18 13:00:01.174,5.58859,5.58964,1.50,1.01
2011.05.18 13:00:01.843,5.58941,5.59085,1.50,4.50
2011.05.18 13:00:01.960,5.5894,5.59093,1.50,1.01
2011.05.18 13:00:02.781,5.58946,5.59093,1.50,1.01
2011.05.18 13:00:03.112,5.58946,5.59058,1.50,1.13
2011.05.18 13:00:03.443,5.58956,5.59093,1.50,1.01
2011.05.18 13:00:03.662,5.58956,5.59093,1.50,1.01
2011.05.18 13:00:04.584,5.58956,5.59073,1.50,1.13
2011.05.18 13:00:04.805,5.58956,5.59093,1.50,1.01
2011.05.18 13:00:04.915,5.58986,5.59103,1.50,1.01
2011.05.18 13:00:05.135,5.58986,5.59103,1.50,1.01
2011.05.18 13:00:05.479,5.58986,5.59112,1.50,1.01
2011.05.18 13:00:05.601,5.58974,5.59112,1.50,1.01
2011.05.18 13:00:06.046,5.58996,5.59131,1.50,1.50
2011.05.18 13:00:06.484,5.59006,5.59133,1.50,1.01
2011.05.18 13:00:06.893,5.59028,5.59145,1.13,1.01
2011.05.18 13:00:07.006,5.59029,5.59177,1.50,1.50
2011.05.18 13:00:07.236,5.59068,5.59192,1.13,1.50
2011.05.18 13:00:07.357,5.59076,5.59199,1.50,4.50
2011.05.18 13:00:07.694,5.5912,5.59199,1.50,3.75
2011.05.18 13:00:07.805,5.5912,5.59245,1.50,4.50
2011.05.18 13:00:08.249,5.59105,5.59243,1.50,1.01
2011.05.18 13:00:09.465,5.59105,5.59243,1.50,1.01
2011.05.18 13:00:10.014,5.59105,5.59243,1.50,1.01
2011.05.18 13:00:10.343,5.59105,5.59227,1.50,1.35
2011.05.18 13:00:10.565,5.5908,5.59212,1.50,1.50
2011.05.18 13:00:11.004,5.59058,5.59203,1.50,1.50
2011.05.18 13:00:11.397,5.59083,5.59222,1.50,1.01
2011.05.18 13:00:12.342,5.59083,5.59222,1.50,1.01
2011.05.18 13:00:13.693,5.59088,5.59227,1.13,1.35
2011.05.18 13:00:13.802,5.59101,5.59227,1.50,1.35
2011.05.18 13:00:14.745,5.59101,5.59227,1.50,1.35
2011.05.18 13:00:16.300,5.5909,5.59227,1.50,1.35
2011.05.18 13:00:16.741,5.59097,5.59227,1.50,1.35
2011.05.18 13:00:17.163,5.59097,5.59227,1.50,1.35
2011.05.18 13:00:17.604,5.5911,5.59242,1.50,1.01
2011.05.18 13:00:17.932,5.59121,5.59242,1.50,1.01
2011.05.18 13:00:19.723,5.59131,5.59242,1.50,1.01
2011.05.18 13:00:19.835,5.59131,5.59242,1.50,1.01
2011.05.18 13:00:20.922,5.59131,5.59242,1.50,1.01
2011.05.18 13:00:21.033,5.59131,5.59242,1.50,1.01
2011.05.18 13:00:21.142,5.59115,5.59242,1.50,1.01
2011.05.18 13:00:21.803,5.59115,5.59242,1.50,1.01
2011.05.18 13:00:22.025,5.59103,5.59242,1.50,1.01
2011.05.18 13:00:22.244,5.59106,5.59242,1.13,1.01
2011.05.18 13:00:22.353,5.59129,5.59242,1.50,1.01
2011.05.18 13:00:23.594,5.59129,5.59242,1.50,1.01
2011.05.18 13:00:24.034,5.59129,5.59242,1.50,1.01
2011.05.18 13:00:24.396,5.59111,5.59242,1.50,1.01
2011.05.18 13:00:24.508,5.59111,5.59242,1.50,1.01
2011.05.18 13:00:25.396,5.59111,5.59242,1.50,1.01
2011.05.18 13:00:25.623,5.59119,5.59242,1.50,1.01
2011.05.18 13:00:26.934,5.59119,5.59242,1.50,1.01
2011.05.18 13:00:27.824,5.59111,5.59242,1.50,1.01
2011.05.18 13:00:28.653,5.59111,5.59242,1.50,1.01
2011.05.18 13:00:29.483,5.59084,5.59222,1.50,1.50
2011.05.18 13:00:29.601,5.59068,5.59188,1.50,1.35
2011.05.18 13:00:29.824,5.59042,5.59172,1.88,1.50
2011.05.18 13:00:29.935,5.59037,5.59163,3.00,1.50
2011.05.18 13:00:30.265,5.59008,5.59152,1.50,1.50
2011.05.18 13:00:30.374,5.59008,5.59133,1.50,1.50
2011.05.18 13:00:30.484,5.59008,5.5911,1.50,1.35
2011.05.18 13:00:30.815,5.59008,5.59082,1.50,1.50
2011.05.18 13:00:30.926,5.58957,5.59057,2.25,1.13
2011.05.18 13:00:31.044,5.58957,5.59052,2.25,1.50
2011.05.18 13:00:31.266,5.58927,5.59052,2.25,1.50
2011.05.18 13:00:31.384,5.58918,5.59063,3.00,1.50
2011.05.18 13:00:31.882,5.58913,5.59073,1.13,1.01
2011.05.18 13:00:32.674,5.58934,5.59092,1.13,1.01
2011.05.18 13:00:33.007,5.58938,5.59092,1.13,1.01
2011.05.18 13:00:33.124,5.58945,5.5911,1.50,1.35
2011.05.18 13:00:33.454,5.58952,5.5911,1.13,1.35
2011.05.18 13:00:34.225,5.58947,5.5911,1.13,1.35
2011.05.18 13:00:34.554,5.58927,5.59093,1.13,1.01
2011.05.18 13:00:35.006,5.58913,5.59072,1.13,1.50
2011.05.18 13:00:35.678,5.58928,5.59073,1.13,1.01
2011.05.18 13:00:36.013,5.58928,5.59074,1.13,1.35
2011.05.18 13:00:37.217,5.58931,5.59074,1.13,1.35
2011.05.18 13:00:38.422,5.58929,5.59074,1.13,1.35
2011.05.18 13:00:38.921,5.58929,5.59074,1.13,1.35
2011.05.18 13:00:39.363,5.58924,5.59074,1.13,1.35
2011.05.18 13:00:39.912,5.58924,5.59074,1.13,1.35
2011.05.18 13:00:40.347,5.58926,5.59074,1.13,1.35
2011.05.18 13:00:43.454,5.58938,5.59093,1.13,1.01
2011.05.18 13:00:43.676,5.58938,5.59093,1.13,1.01
2011.05.18 13:00:46.085,5.58946,5.59093,1.13,1.01
2011.05.18 13:00:47.352,5.58946,5.59093,1.13,1.01
2011.05.18 13:00:47.904,5.58938,5.59093,1.13,1.01
2011.05.18 13:00:49.566,5.58931,5.59045,1.50,1.01
2011.05.18 13:00:49.686,5.58915,5.59045,1.50,1.01
2011.05.18 13:00:50.634,5.58916,5.59046,1.13,1.01
2011.05.18 13:00:52.618,5.58921,5.59053,1.13,1.01
2011.05.18 13:00:52.847,5.58921,5.59062,1.13,1.01
2011.05.18 13:00:54.000,5.58922,5.59068,1.13,1.01
2011.05.18 13:00:54.115,5.58939,5.59086,1.50,1.01
2011.05.18 13:00:54.223,5.58939,5.59093,1.50,3.00
2011.05.18 13:00:54.883,5.58953,5.59102,1.50,1.01
2011.05.18 13:00:55.213,5.58969,5.59102,1.13,1.01
2011.05.18 13:00:56.039,5.58969,5.59102,1.13,1.01
2011.05.18 13:00:57.562,5.58969,5.59102,1.13,1.01
2011.05.18 13:00:57.872,5.58984,5.59102,1.13,1.01
2011.05.18 13:00:58.315,5.58975,5.59122,1.50,3.75
2011.05.18 13:00:58.535,5.58959,5.59083,1.13,3.00
2011.05.18 13:00:59.083,5.58959,5.59106,1.13,1.35
2011.05.18 13:00:59.193,5.58959,5.59106,1.13,1.35
2011.05.18 13:00:59.742,5.58959,5.59102,1.13,3.00
2011.05.18 13:01:00.332,5.58955,5.59102,1.13,3.00
2011.05.18 13:01:00.663,5.58941,5.59083,1.50,3.00
2011.05.18 13:01:00.994,5.58933,5.59065,1.50,1.35
2011.05.18 13:01:01.104,5.58902,5.59063,1.20,3.00
2011.05.18 13:01:02.992,5.58902,5.59053,1.13,3.00
2011.05.18 13:01:03.105,5.58914,5.59053,1.13,3.00
2011.05.18 13:01:04.093,5.58909,5.59062,1.50,3.00
2011.05.18 13:01:04.204,5.58909,5.59042,1.88,3.00
2011.05.18 13:01:04.314,5.58915,5.59062,1.50,3.00
2011.05.18 13:01:04.533,5.58909,5.59053,1.13,3.00
2011.05.18 13:01:05.082,5.58908,5.59042,1.50,3.00
2011.05.18 13:01:05.193,5.58894,5.59053,1.13,3.00
2011.05.18 13:01:05.303,5.58899,5.59053,1.13,3.00
2011.05.18 13:01:05.414,5.58898,5.59062,3.00,3.00
2011.05.18 13:01:05.944,5.58891,5.59023,1.50,3.00
2011.05.18 13:01:06.056,5.58884,5.59023,1.13,3.00
2011.05.18 13:01:06.288,5.58879,5.59022,1.50,3.00
2011.05.18 13:01:06.625,5.58859,5.58978,1.50,1.35
2011.05.18 13:01:06.734,5.58847,5.58978,2.25,1.35
2011.05.18 13:01:06.953,5.58838,5.58972,3.00,1.50
2011.05.18 13:01:07.952,5.58819,5.58973,1.13,3.00
2011.05.18 13:01:09.096,5.58814,5.58962,1.13,3.00
2011.05.18 13:01:09.214,5.58813,5.58962,1.13,3.00
2011.05.18 13:01:09.438,5.58818,5.58962,1.50,2.25
2011.05.18 13:01:09.774,5.58853,5.59012,1.13,1.01
2011.05.18 13:01:10.104,5.58853,5.59003,1.13,3.00
2011.05.18 13:01:10.654,5.58853,5.58992,1.13,3.00
2011.05.18 13:01:11.373,5.58847,5.58992,1.50,3.00
2011.05.18 13:01:14.344,5.58838,5.58983,1.50,3.00
2011.05.18 13:01:17.921,5.58838,5.58983,1.50,3.00
2011.05.18 13:01:20.433,5.58821,5.58983,1.50,3.00
2011.05.18 13:01:20.653,5.58821,5.58982,1.50,3.00
2011.05.18 13:01:21.424,5.58833,5.58982,1.13,3.00
2011.05.18 13:01:21.534,5.58833,5.58983,1.13,3.00
2011.05.18 13:01:21.972,5.58839,5.58982,1.50,3.00
2011.05.18 13:01:22.842,5.58847,5.58982,1.13,3.00
2011.05.18 13:01:23.392,5.58847,5.58992,1.13,3.00
2011.05.18 13:01:25.563,5.58838,5.58983,1.13,3.00
2011.05.18 13:01:25.672,5.58833,5.58983,1.50,3.00
2011.05.18 13:01:25.893,5.58833,5.58972,1.50,3.00
2011.05.18 13:01:26.666,5.58849,5.58982,1.50,1.01
2011.05.18 13:01:27.263,5.58859,5.59012,1.13,3.00
2011.05.18 13:01:29.148,5.5886,5.59012,1.13,3.00
2011.05.18 13:01:29.693,5.58863,5.59012,1.13,3.00
2011.05.18 13:01:30.242,5.5885,5.59012,1.50,3.00
2011.05.18 13:01:30.355,5.58862,5.59012,1.13,3.00
2011.05.18 13:01:30.683,5.58862,5.59012,1.13,3.00
2011.05.18 13:01:30.794,5.58871,5.59012,1.50,3.00
2011.05.18 13:01:31.342,5.58871,5.59013,1.50,3.00
2011.05.18 13:01:33.648,5.58871,5.59013,1.50,3.00
2011.05.18 13:01:34.472,5.58881,5.59013,1.50,3.00
2011.05.18 13:01:35.373,5.58881,5.58982,1.50,1.01
2011.05.18 13:01:35.483,5.5886,5.58982,1.50,1.01
2011.05.18 13:01:35.703,5.5886,5.58972,1.50,3.00
2011.05.18 13:01:36.724,5.58854,5.58972,1.50,3.00
2011.05.18 13:01:37.869,5.58854,5.58972,1.50,3.00
2011.05.18 13:01:38.097,5.58854,5.58968,1.50,1.35
2011.05.18 13:01:38.218,5.58831,5.58963,1.50,1.01
2011.05.18 13:01:38.824,5.58831,5.58963,1.50,3.26
2011.05.18 13:01:38.933,5.58831,5.58963,1.50,1.01
2011.05.18 13:01:40.144,5.58841,5.58963,1.50,3.26
2011.05.18 13:01:41.736,5.58841,5.58963,1.50,3.26
2011.05.18 13:01:42.184,5.58839,5.58932,1.50,3.00
2011.05.18 13:01:42.295,5.58816,5.58932,1.50,3.00
2011.05.18 13:01:43.415,5.58816,5.58942,1.50,3.00
2011.05.18 13:01:44.055,5.58808,5.58922,1.50,3.00
2011.05.18 13:01:44.712,5.58808,5.58922,1.50,3.00
2011.05.18 13:01:47.412,5.58799,5.58923,1.50,3.00
2011.05.18 13:01:48.363,5.58799,5.58923,1.50,3.00
2011.05.18 13:01:49.655,5.58799,5.58923,1.50,3.00
2011.05.18 13:01:50.535,5.58799,5.58922,1.50,3.00
2011.05.18 13:01:52.857,5.58799,5.58922,1.50,3.00
2011.05.18 13:01:54.434,5.58799,5.58922,1.50,3.00
2011.05.18 13:01:55.228,5.58809,5.58932,1.13,3.00
2011.05.18 13:01:55.346,5.58809,5.58932,1.13,3.00
2011.05.18 13:01:55.954,5.58823,5.58962,1.50,3.00
2011.05.18 13:01:56.395,5.58834,5.58962,1.50,3.00
2011.05.18 13:01:56.613,5.58824,5.58962,1.50,3.00
2011.05.18 13:01:57.924,5.58824,5.58962,1.50,3.75
2011.05.18 13:01:58.035,5.58824,5.58962,1.50,3.00
2011.05.18 13:02:00.054,5.58833,5.58962,1.50,1.50
2011.05.18 13:02:00.273,5.58833,5.58963,1.50,3.26
2011.05.18 13:02:00.604,5.58822,5.58963,1.13,3.26
2011.05.18 13:02:00.983,5.58835,5.58962,1.50,3.00
2011.05.18 13:02:01.763,5.58835,5.58962,1.50,3.00
2011.05.18 13:02:02.765,5.58846,5.58963,1.50,1.01
2011.05.18 13:02:02.878,5.58861,5.58973,1.50,3.00
2011.05.18 13:02:02.995,5.58874,5.58989,1.13,1.01
2011.05.18 13:02:03.108,5.58882,5.59013,1.50,3.00
2011.05.18 13:02:03.227,5.58882,5.59022,1.50,3.26
2011.05.18 13:02:03.457,5.58896,5.59043,1.50,3.00
2011.05.18 13:02:04.235,5.58911,5.59022,1.50,3.00
2011.05.18 13:02:04.344,5.58903,5.59013,1.50,3.00
2011.05.18 13:02:05.193,5.58913,5.59023,1.50,1.01
2011.05.18 13:02:05.522,5.58913,5.59033,1.50,3.00
2011.05.18 13:02:06.917,5.58913,5.59042,1.50,3.26
2011.05.18 13:02:08.112,5.58913,5.59042,1.50,1.01
2011.05.18 13:02:09.407,5.58913,5.59042,1.50,1.01
2011.05.18 13:02:09.531,5.5892,5.59042,1.50,1.01
2011.05.18 13:02:10.772,5.5892,5.59042,1.50,1.01
2011.05.18 13:02:11.983,5.5892,5.59042,1.50,1.01
2011.05.18 13:02:12.094,5.58927,5.59042,1.50,1.01
2011.05.18 13:02:12.316,5.58927,5.59042,1.50,1.01
2011.05.18 13:02:13.618,5.58927,5.59042,1.50,1.01
2011.05.18 13:02:16.685,5.58927,5.59042,1.50,1.01
2011.05.18 13:02:16.795,5.58927,5.59042,1.50,1.01
2011.05.18 13:02:17.124,5.58927,5.59042,1.50,1.01
2011.05.18 13:02:17.345,5.58919,5.59042,1.50,1.01
2011.05.18 13:02:18.442,5.58919,5.59042,1.50,1.01
2011.05.18 13:02:19.155,5.58911,5.59042,1.50,1.01
2011.05.18 13:02:20.284,5.58911,5.59042,1.50,1.01
2011.05.18 13:02:21.284,5.58911,5.5904,1.50,1.35
2011.05.18 13:02:21.723,5.58911,5.59032,1.50,3.00
2011.05.18 13:02:21.943,5.58901,5.59023,1.50,3.26
2011.05.18 13:02:23.047,5.58884,5.59013,1.50,3.00
2011.05.18 13:02:23.604,5.58893,5.59003,1.50,3.00
2011.05.18 13:02:23.714,5.58893,5.59032,1.50,3.00
2011.05.18 13:02:24.153,5.58893,5.59022,1.50,3.00
2011.05.18 13:02:24.614,5.58902,5.59023,1.50,3.00
2011.05.18 13:02:25.056,5.5891,5.59032,1.50,3.00
2011.05.18 13:02:25.386,5.58924,5.59043,1.50,1.01
2011.05.18 13:02:25.903,5.58924,5.59043,1.50,1.01
2011.05.18 13:02:26.717,5.58928,5.59043,1.13,1.01
2011.05.18 13:02:27.062,5.58932,5.59043,1.50,1.01
2011.05.18 13:02:27.393,5.58932,5.59043,1.50,1.01
2011.05.18 13:02:28.553,5.58932,5.59043,1.50,1.01
2011.05.18 13:02:28.773,5.58926,5.59043,1.50,1.01
2011.05.18 13:02:30.956,5.58926,5.59043,1.50,1.01
2011.05.18 13:02:36.035,5.58926,5.59043,1.50,1.01
2011.05.18 13:02:36.543,5.58926,5.59043,1.50,1.01
2011.05.18 13:02:37.078,5.58933,5.59082,1.50,3.00
2011.05.18 13:02:37.744,5.58933,5.59072,1.50,3.00
2011.05.18 13:02:38.962,5.58933,5.59072,1.50,2.25
2011.05.18 13:02:39.183,5.58933,5.59098,1.54,4.01
2011.05.18 13:02:39.404,5.58933,5.59083,1.54,1.01
2011.05.18 13:02:42.963,5.58953,5.59073,1.13,3.00
2011.05.18 13:02:43.183,5.58953,5.59098,1.13,1.35
2011.05.18 13:02:44.342,5.58964,5.59098,1.50,1.35
2011.05.18 13:02:45.943,5.58973,5.59102,1.13,1.01
2011.05.18 13:02:46.055,5.5899,5.59107,1.13,1.01
2011.05.18 13:02:46.163,5.59011,5.59134,1.50,1.35
2011.05.18 13:02:46.492,5.59011,5.59143,1.50,1.01
2011.05.18 13:02:48.583,5.59011,5.59143,1.50,1.01
2011.05.18 13:02:49.412,5.59012,5.59143,1.50,3.26
2011.05.18 13:02:50.473,5.59012,5.59143,1.50,3.26
2011.05.18 13:02:52.019,5.59012,5.59143,1.50,3.26
2011.05.18 13:02:52.475,5.58993,5.59103,1.50,1.01
2011.05.18 13:02:54.398,5.58998,5.5912,1.50,1.01
2011.05.18 13:02:54.516,5.59012,5.59143,1.50,3.00
2011.05.18 13:02:54.853,5.5902,5.59162,1.50,1.01
2011.05.18 13:02:55.463,5.59029,5.59162,1.13,3.26
2011.05.18 13:02:55.682,5.59029,5.59162,1.13,1.01
2011.05.18 13:02:56.485,5.59047,5.59164,1.13,1.01
2011.05.18 13:02:56.593,5.59047,5.59164,1.13,1.01
2011.05.18 13:02:58.155,5.59058,5.59183,1.13,3.26
2011.05.18 13:02:58.374,5.59058,5.59183,1.13,1.01
2011.05.18 13:02:58.834,5.59061,5.59183,1.50,1.01
2011.05.18 13:03:00.384,5.59052,5.59182,1.50,3.00
2011.05.18 13:03:01.227,5.59052,5.59172,1.50,3.00
2011.05.18 13:03:01.345,5.59052,5.59183,1.50,1.01
2011.05.18 13:03:03.812,5.59046,5.59182,1.50,3.00
2011.05.18 13:03:04.252,5.59064,5.59192,1.50,1.50
2011.05.18 13:03:04.473,5.59051,5.59183,1.50,3.00
2011.05.18 13:03:04.803,5.59044,5.59183,1.50,3.75
2011.05.18 13:03:04.913,5.59044,5.59163,1.50,1.01
2011.05.18 13:03:05.024,5.59031,5.59172,1.50,3.00
2011.05.18 13:03:05.573,5.59042,5.59172,1.50,3.00
2011.05.18 13:03:05.903,5.59042,5.59162,1.50,1.50
2011.05.18 13:03:06.234,5.59007,5.59142,1.50,1.01
2011.05.18 13:03:06.710,5.58999,5.59123,1.50,3.00
2011.05.18 13:03:07.143,5.59,5.59113,1.50,1.50
2011.05.18 13:03:07.366,5.58976,5.59102,1.50,1.50
2011.05.18 13:03:08.023,5.5897,5.59103,1.50,3.75
2011.05.18 13:03:08.879,5.5897,5.59103,1.50,3.75
2011.05.18 13:03:10.224,5.5897,5.59093,1.50,3.75
2011.05.18 13:03:10.575,5.5897,5.59073,1.50,1.50
2011.05.18 13:03:10.691,5.58932,5.59072,1.50,1.50
2011.05.18 13:03:14.575,5.58932,5.59062,1.50,1.50
2011.05.18 13:03:16.313,5.58932,5.59063,1.50,3.00
2011.05.18 13:03:16.680,5.58943,5.59063,1.50,3.00
2011.05.18 13:03:18.694,5.58943,5.59072,1.50,3.00
2011.05.18 13:03:18.916,5.58943,5.59072,1.50,3.00
2011.05.18 13:03:19.024,5.58958,5.59092,1.50,3.00
2011.05.18 13:03:21.333,5.58958,5.59092,1.50,3.00
2011.05.18 13:03:22.862,5.58958,5.59092,1.50,3.00
2011.05.18 13:03:23.193,5.58958,5.59092,1.50,3.00
2011.05.18 13:03:23.303,5.58958,5.59092,1.50,3.00
2011.05.18 13:03:23.413,5.58949,5.59092,1.50,3.00
2011.05.18 13:03:23.962,5.58955,5.59082,1.50,3.00
2011.05.18 13:03:24.624,5.58955,5.59092,1.50,3.00
2011.05.18 13:03:24.846,5.58941,5.59052,1.50,1.50
2011.05.18 13:03:24.965,5.58932,5.59043,1.50,3.00
2011.05.18 13:03:25.294,5.58892,5.59023,1.50,3.00
2011.05.18 13:03:26.065,5.58892,5.59032,1.50,3.00
2011.05.18 13:03:26.533,5.58892,5.59032,1.50,3.00
2011.05.18 13:03:26.650,5.58916,5.59042,1.13,1.01
2011.05.18 13:03:26.766,5.58924,5.59042,1.50,1.01
2011.05.18 13:03:27.404,5.58947,5.59062,1.50,3.11
2011.05.18 13:03:27.734,5.58992,5.59062,1.50,2.25
2011.05.18 13:03:27.846,5.58993,5.59115,1.50,1.50
2011.05.18 13:03:27.966,5.5902,5.59133,1.50,2.25
2011.05.18 13:03:28.075,5.5902,5.59133,1.50,3.00
2011.05.18 13:03:28.185,5.59011,5.59133,1.50,3.00
2011.05.18 13:03:29.196,5.58976,5.59103,1.54,3.00
2011.05.18 13:03:31.364,5.58976,5.59092,1.50,3.00
2011.05.18 13:03:31.582,5.58987,5.59102,1.50,1.01
2011.05.18 13:03:33.023,5.58987,5.59102,1.50,3.00
2011.05.18 13:03:33.405,5.58987,5.59102,1.50,3.00
2011.05.18 13:03:33.625,5.58995,5.59122,1.50,3.00
2011.05.18 13:03:35.155,5.58995,5.59122,1.50,3.00
2011.05.18 13:03:35.703,5.58999,5.59123,1.13,1.01
2011.05.18 13:03:36.033,5.59012,5.59143,1.50,3.00
2011.05.18 13:03:37.213,5.59012,5.59133,1.50,1.50
2011.05.18 13:03:37.543,5.59003,5.59142,1.50,3.00
2011.05.18 13:03:38.114,5.59009,5.59132,1.13,3.00
2011.05.18 13:03:38.335,5.59003,5.59143,1.50,1.01
2011.05.18 13:03:38.663,5.59013,5.59143,1.50,1.01
2011.05.18 13:03:39.498,5.59022,5.59143,1.13,1.01
2011.05.18 13:03:39.611,5.5902,5.59162,1.50,3.00
2011.05.18 13:03:40.764,5.59012,5.59142,1.50,3.00
2011.05.18 13:03:41.655,5.59004,5.59123,1.50,1.50
2011.05.18 13:03:41.765,5.58993,5.59142,1.13,4.01
2011.05.18 13:03:42.208,5.59002,5.59142,1.50,1.76
2011.05.18 13:03:43.184,5.59002,5.59142,1.50,1.76
2011.05.18 13:03:43.752,5.58992,5.59123,1.50,1.76
2011.05.18 13:03:43.871,5.58981,5.59102,1.50,3.00
2011.05.18 13:03:44.206,5.58965,5.59092,1.50,3.00
2011.05.18 13:03:44.326,5.58965,5.59092,1.50,3.00
2011.05.18 13:03:45.343,5.58965,5.59092,1.50,3.00
2011.05.18 13:03:45.893,5.58973,5.59102,1.13,3.00
2011.05.18 13:03:46.007,5.58973,5.59102,1.13,3.00
2011.05.18 13:03:46.345,5.58986,5.59123,1.50,3.26
2011.05.18 13:03:46.453,5.58986,5.59123,1.50,1.01
2011.05.18 13:03:47.334,5.58995,5.59118,1.50,1.35
2011.05.18 13:03:47.444,5.58995,5.59122,1.50,3.00
2011.05.18 13:03:49.644,5.59017,5.59122,1.50,2.25
2011.05.18 13:03:49.756,5.59017,5.59122,1.50,3.00
2011.05.18 13:03:49.976,5.59015,5.59132,1.13,3.00
2011.05.18 13:03:50.196,5.59021,5.59142,1.50,3.26
2011.05.18 13:03:50.536,5.59021,5.59152,1.50,1.50
2011.05.18 13:03:50.873,5.59018,5.59163,1.50,1.76
2011.05.18 13:03:51.203,5.59018,5.59143,1.50,1.50
2011.05.18 13:03:51.533,5.59005,5.59132,1.50,3.00
2011.05.18 13:03:52.084,5.59005,5.59113,1.50,1.50
2011.05.18 13:03:52.305,5.58967,5.59102,1.50,1.50
2011.05.18 13:03:52.634,5.5896,5.59102,1.50,3.75
2011.05.18 13:03:54.279,5.58971,5.59102,1.13,1.50
2011.05.18 13:03:54.394,5.5896,5.59092,1.50,3.00
2011.05.18 13:03:54.723,5.58965,5.59092,1.50,3.00
2011.05.18 13:03:56.244,5.58966,5.59092,1.50,3.00
2011.05.18 13:03:56.904,5.58966,5.59093,1.50,1.50
2011.05.18 13:03:57.123,5.58945,5.59082,1.50,1.50
2011.05.18 13:03:57.783,5.58937,5.59072,1.50,3.75
2011.05.18 13:03:58.224,5.58948,5.59082,1.13,1.01
2011.05.18 13:03:58.651,5.58956,5.59093,1.50,1.50
2011.05.18 13:03:58.984,5.58956,5.59083,1.50,1.50
2011.05.18 13:03:59.314,5.58933,5.59062,1.50,1.01
2011.05.18 13:04:00.210,5.58933,5.59062,1.50,1.01
2011.05.18 13:04:01.113,5.58933,5.59062,1.50,1.76
2011.05.18 13:04:02.273,5.58933,5.59062,1.50,1.01
2011.05.18 13:04:06.724,5.58922,5.59053,1.50,1.50
2011.05.18 13:04:06.832,5.58922,5.59062,1.50,1.01
2011.05.18 13:04:06.943,5.58912,5.59062,1.50,1.01
2011.05.18 13:04:07.842,5.58912,5.59062,1.50,1.01
2011.05.18 13:04:08.385,5.5892,5.59062,1.50,1.01
2011.05.18 13:04:09.525,5.5892,5.59062,1.50,1.01
2011.05.18 13:04:10.104,5.58912,5.59062,1.50,1.01
2011.05.18 13:04:10.743,5.58919,5.59062,1.50,1.01
2011.05.18 13:04:11.783,5.58919,5.59062,1.50,1.01
2011.05.18 13:04:12.772,5.58919,5.59062,1.50,1.01
2011.05.18 13:04:13.106,5.58908,5.59032,1.50,1.35
2011.05.18 13:04:13.216,5.58886,5.59022,1.50,1.50
2011.05.18 13:04:14.302,5.58886,5.59022,1.50,1.50
2011.05.18 13:04:14.414,5.58886,5.59002,1.50,1.50
2011.05.18 13:04:14.634,5.58886,5.59012,1.50,1.50
2011.05.18 13:04:16.715,5.58874,5.59022,1.50,1.50
2011.05.18 13:04:18.064,5.58874,5.59002,1.50,1.50
2011.05.18 13:04:18.175,5.58874,5.59023,1.50,1.76
2011.05.18 13:04:19.993,5.58874,5.59023,1.50,1.76
2011.05.18 13:04:21.205,5.58874,5.59012,1.50,1.50
2011.05.18 13:04:21.576,5.58874,5.58993,1.50,1.50
2011.05.18 13:04:21.794,5.58874,5.59012,1.50,1.50
2011.05.18 13:04:22.574,5.58873,5.59022,1.13,1.50
2011.05.18 13:04:23.017,5.58899,5.59032,1.13,1.35
2011.05.18 13:04:23.354,5.58906,5.59043,1.50,1.01
2011.05.18 13:04:23.683,5.58899,5.59043,1.50,1.01
2011.05.18 13:04:23.794,5.58899,5.59043,1.50,1.01
2011.05.18 13:04:24.123,5.58907,5.59043,1.50,1.01
2011.05.18 13:04:24.767,5.58907,5.59043,1.50,1.01
2011.05.18 13:04:25.595,5.58907,5.59043,1.50,1.76
2011.05.18 13:04:26.032,5.58897,5.59043,1.50,1.76
2011.05.18 13:04:26.484,5.58908,5.59063,1.50,5.25
2011.05.18 13:04:26.597,5.58908,5.59063,1.50,1.50
2011.05.18 13:04:26.936,5.58925,5.59063,1.50,1.01
2011.05.18 13:04:27.165,5.58948,5.59065,1.13,1.01
2011.05.18 13:04:27.386,5.58964,5.59091,1.50,4.50
2011.05.18 13:04:28.043,5.58964,5.59082,1.50,5.25
2011.05.18 13:04:28.538,5.58952,5.59071,1.50,1.35
2011.05.18 13:04:28.653,5.58922,5.59062,1.50,1.01
2011.05.18 13:04:28.764,5.58933,5.59062,1.50,1.01
2011.05.18 13:04:30.344,5.58933,5.59062,1.50,1.01
2011.05.18 13:04:30.565,5.5892,5.59062,1.50,1.01
2011.05.18 13:04:32.033,5.58922,5.59062,1.13,1.76
2011.05.18 13:04:32.144,5.5893,5.59062,1.50,1.76
2011.05.18 13:04:32.472,5.58919,5.59062,1.50,1.01
2011.05.18 13:04:33.033,5.58919,5.59062,1.50,1.01
2011.05.18 13:04:33.736,5.58919,5.59062,1.50,1.01
2011.05.18 13:04:35.823,5.58919,5.59062,1.50,1.01
2011.05.18 13:04:39.723,5.58919,5.59042,1.50,3.00
2011.05.18 13:04:40.052,5.58902,5.59023,1.50,3.00
2011.05.18 13:04:44.074,5.58902,5.59023,1.50,2.25
2011.05.18 13:04:44.187,5.58902,5.59023,1.50,3.00
2011.05.18 13:04:44.524,5.58907,5.59033,1.50,3.00
2011.05.18 13:04:44.635,5.58907,5.59033,1.50,3.00
2011.05.18 13:04:45.075,5.58916,5.59043,1.50,3.00
2011.05.18 13:04:45.967,5.5894,5.59053,1.50,3.00
2011.05.18 13:04:46.090,5.5894,5.59062,1.50,1.01
2011.05.18 13:04:47.325,5.58966,5.59072,1.13,3.11
2011.05.18 13:04:47.435,5.58984,5.59113,1.13,3.00
2011.05.18 13:04:47.654,5.58984,5.59113,1.13,3.00
2011.05.18 13:04:48.097,5.59089,5.59142,1.50,2.25
2011.05.18 13:04:48.541,5.59115,5.59221,1.50,1.13
2011.05.18 13:04:48.765,5.59115,5.5925,1.50,1.50
2011.05.18 13:04:48.876,5.59115,5.5925,1.50,1.50
2011.05.18 13:04:50.295,5.59091,5.59242,1.50,1.50
2011.05.18 13:04:50.406,5.59091,5.59212,1.50,3.00
2011.05.18 13:04:50.624,5.59091,5.59193,1.50,2.25
2011.05.18 13:04:51.094,5.59076,5.59193,1.50,3.00
2011.05.18 13:04:51.864,5.59069,5.59193,1.50,3.00
2011.05.18 13:04:52.193,5.59055,5.59172,1.50,3.00
2011.05.18 13:04:52.524,5.59046,5.59173,1.50,3.00
2011.05.18 13:04:52.743,5.59039,5.59173,1.50,3.00
2011.05.18 13:04:52.854,5.59039,5.59152,1.50,2.25
2011.05.18 13:04:52.966,5.59053,5.59172,1.50,3.00
2011.05.18 13:04:53.565,5.59057,5.59189,1.13,1.01
2011.05.18 13:04:53.673,5.59073,5.59189,1.50,1.01
2011.05.18 13:04:53.895,5.59074,5.59205,1.50,1.01
2011.05.18 13:04:55.295,5.59087,5.59208,1.50,1.01
2011.05.18 13:04:56.623,5.59087,5.59205,1.50,1.01
2011.05.18 13:04:56.733,5.59087,5.59213,1.88,2.88
2011.05.18 13:04:56.845,5.5909,5.59213,1.13,2.25
2011.05.18 13:04:56.953,5.591,5.59242,1.50,1.01
2011.05.18 13:04:57.877,5.59113,5.59242,1.50,1.01
2011.05.18 13:04:58.526,5.59113,5.59242,1.50,1.01
2011.05.18 13:04:58.747,5.59067,5.59203,1.50,1.76
2011.05.18 13:04:59.304,5.59079,5.59193,1.50,3.00
2011.05.18 13:05:00.366,5.59079,5.59199,1.50,1.35
2011.05.18 13:05:00.593,5.59072,5.59192,1.50,3.00
2011.05.18 13:05:01.033,5.59059,5.59192,1.50,3.00
2011.05.18 13:05:01.143,5.59059,5.59182,1.50,3.00
2011.05.18 13:05:01.254,5.59051,5.59182,1.50,3.00
2011.05.18 13:05:01.363,5.59051,5.59192,1.50,3.00
2011.05.18 13:05:01.700,5.59051,5.59192,1.50,3.00
2011.05.18 13:05:02.946,5.59075,5.59202,1.13,3.00
2011.05.18 13:05:03.063,5.59095,5.59223,1.50,3.00
2011.05.18 13:05:05.274,5.59102,5.59232,1.50,3.00
2011.05.18 13:05:09.707,5.59102,5.59232,1.50,3.00
2011.05.18 13:05:09.933,5.59102,5.59232,1.50,3.00
2011.05.18 13:05:10.044,5.59094,5.59233,1.50,3.26
2011.05.18 13:05:10.702,5.59103,5.59233,1.50,3.26
2011.05.18 13:05:10.813,5.59103,5.59233,1.50,3.26
2011.05.18 13:05:11.034,5.59106,5.5925,1.50,1.35
2011.05.18 13:05:11.363,5.59106,5.59233,1.50,3.00
2011.05.18 13:05:11.913,5.59105,5.59233,1.50,3.00
2011.05.18 13:05:12.255,5.59105,5.59233,1.50,3.00
2011.05.18 13:05:12.363,5.59129,5.59233,1.50,3.00
2011.05.18 13:05:12.585,5.59114,5.59243,1.50,3.00
2011.05.18 13:05:13.113,5.59115,5.5925,1.50,1.35
2011.05.18 13:05:13.601,5.59125,5.5925,1.50,1.35
2011.05.18 13:05:13.828,5.59138,5.59272,1.50,3.00
2011.05.18 13:05:14.695,5.59138,5.59272,1.50,3.00
2011.05.18 13:05:15.476,5.59138,5.59272,1.50,3.00
2011.05.18 13:05:15.919,5.59145,5.59252,1.50,3.00
2011.05.18 13:05:16.253,5.59137,5.59273,1.50,3.00
2011.05.18 13:05:16.365,5.5915,5.59283,1.50,1.01
2011.05.18 13:05:16.980,5.5918,5.59313,1.50,3.00
2011.05.18 13:05:17.423,5.59192,5.59313,1.50,3.00
2011.05.18 13:05:17.764,5.59192,5.59313,1.50,3.00
2011.05.18 13:05:18.842,5.59192,5.59313,1.50,3.00
2011.05.18 13:05:19.392,5.59193,5.59322,1.50,3.00
2011.05.18 13:05:19.827,5.59193,5.59322,1.50,3.00
2011.05.18 13:05:20.783,5.59206,5.59333,1.50,3.00
2011.05.18 13:05:21.007,5.59207,5.59322,1.50,3.00
2011.05.18 13:05:21.685,5.59199,5.59323,1.50,3.00
2011.05.18 13:05:23.482,5.59199,5.59332,1.50,3.00
2011.05.18 13:05:23.596,5.59193,5.59329,1.13,1.35
2011.05.18 13:05:23.714,5.59186,5.59293,1.50,3.00
2011.05.18 13:05:23.826,5.59189,5.59292,1.13,2.25
2011.05.18 13:05:23.934,5.59186,5.59302,1.50,3.00
2011.05.18 13:05:24.427,5.59189,5.59322,1.13,3.00
2011.05.18 13:05:24.440,5.59189,5.59322,1.13,3.00
2011.05.18 13:05:24.982,5.59194,5.59313,1.50,3.00
2011.05.18 13:05:25.100,5.59187,5.59313,1.50,3.00
2011.05.18 13:05:25.842,5.59198,5.59313,1.13,3.00
2011.05.18 13:05:25.954,5.59199,5.59313,1.50,3.00
2011.05.18 13:05:26.834,5.59216,5.59332,1.13,3.00
2011.05.18 13:05:26.945,5.59212,5.59332,1.50,3.00
2011.05.18 13:05:28.304,5.59212,5.59343,1.50,4.01
2011.05.18 13:05:28.842,5.59205,5.59332,1.50,3.00
2011.05.18 13:05:29.198,5.59205,5.59322,1.50,2.25
2011.05.18 13:05:29.312,5.59205,5.59303,1.50,2.25
2011.05.18 13:05:29.646,5.59198,5.59312,1.50,3.00
2011.05.18 13:05:29.985,5.59186,5.59293,1.50,3.00
2011.05.18 13:05:30.095,5.59156,5.59293,1.50,3.00
2011.05.18 13:05:30.534,5.59129,5.59262,1.50,1.01
2011.05.18 13:05:31.414,5.59129,5.59263,1.50,3.00
2011.05.18 13:05:31.633,5.59147,5.59272,1.50,3.00
2011.05.18 13:05:32.296,5.59152,5.59282,1.50,1.01
2011.05.18 13:05:32.847,5.59152,5.59273,1.50,3.00
2011.05.18 13:05:33.405,5.59151,5.59282,1.50,1.01
2011.05.18 13:05:34.354,5.59151,5.59282,1.50,1.01
2011.05.18 13:05:35.413,5.59151,5.59282,1.50,1.01
2011.05.18 13:05:36.714,5.59151,5.59282,1.50,1.01
2011.05.18 13:05:36.826,5.59151,5.59283,1.50,3.00
2011.05.18 13:05:37.383,5.59189,5.59323,1.50,3.00
2011.05.18 13:05:37.936,5.59189,5.59323,1.50,3.75
2011.05.18 13:05:39.403,5.59189,5.59313,1.50,3.00
2011.05.18 13:05:40.625,5.5917,5.59313,1.50,3.75
2011.05.18 13:05:40.734,5.5917,5.59293,1.50,3.00
2011.05.18 13:05:42.090,5.5917,5.59303,1.50,3.00
2011.05.18 13:05:43.066,5.5917,5.59303,1.50,3.00
2011.05.18 13:05:43.403,5.5917,5.59303,1.50,3.00
2011.05.18 13:05:44.704,5.59182,5.59303,1.50,3.00
2011.05.18 13:05:44.925,5.59182,5.59332,1.50,3.00
2011.05.18 13:05:48.113,5.59194,5.59323,1.50,3.00
2011.05.18 13:05:49.353,5.59194,5.59323,1.50,3.00
2011.05.18 13:05:52.130,5.59194,5.59323,1.50,3.00
2011.05.18 13:05:52.354,5.59194,5.59323,1.50,3.00
2011.05.18 13:05:52.575,5.59187,5.59322,1.50,3.00
2011.05.18 13:05:52.795,5.59203,5.59333,1.50,3.75
2011.05.18 13:05:54.966,5.59203,5.59333,1.50,3.00
2011.05.18 13:05:59.273,5.59203,5.59333,1.50,3.00
2011.05.18 13:06:01.834,5.59195,5.59322,1.50,3.00
2011.05.18 13:06:02.715,5.59185,5.59313,1.50,1.50
2011.05.18 13:06:03.593,5.59185,5.59312,1.50,3.00
2011.05.18 13:06:03.703,5.59185,5.59312,1.50,3.00
2011.05.18 13:06:04.252,5.59185,5.59312,1.50,3.00
2011.05.18 13:06:05.183,5.5919,5.59312,1.50,3.00
2011.05.18 13:06:06.493,5.5919,5.59312,1.50,3.00
2011.05.18 13:06:06.604,5.592,5.59312,1.50,3.00
2011.05.18 13:06:07.154,5.592,5.59322,1.50,3.00
2011.05.18 13:06:07.264,5.59192,5.59312,1.50,3.00
2011.05.18 13:06:08.383,5.59192,5.59322,1.50,3.00
2011.05.18 13:06:09.833,5.59192,5.59322,1.50,3.00
2011.05.18 13:06:10.653,5.59192,5.59322,1.50,3.00
2011.05.18 13:06:14.216,5.59192,5.59322,1.50,3.75
2011.05.18 13:06:14.557,5.59181,5.59292,1.50,3.75
2011.05.18 13:06:14.677,5.59181,5.59292,1.50,3.75
2011.05.18 13:06:14.796,5.59154,5.59272,1.50,3.00
2011.05.18 13:06:15.137,5.59146,5.59266,1.13,1.35
2011.05.18 13:06:15.254,5.59121,5.59262,1.63,1.50
2011.05.18 13:06:15.478,5.59121,5.59232,1.50,3.00
2011.05.18 13:06:15.598,5.59137,5.59262,1.50,1.01
2011.05.18 13:06:15.827,5.5915,5.59273,1.50,3.00
2011.05.18 13:06:16.685,5.59151,5.59263,1.50,1.50
2011.05.18 13:06:16.794,5.59141,5.59263,1.50,1.50
2011.05.18 13:06:17.014,5.59134,5.59252,1.50,3.00
2011.05.18 13:06:17.622,5.59134,5.59252,1.50,3.00
2011.05.18 13:06:18.513,5.59134,5.59252,1.50,3.00
2011.05.18 13:06:18.735,5.59146,5.59282,1.50,4.01
2011.05.18 13:06:19.064,5.59137,5.59243,1.50,3.00
2011.05.18 13:06:19.393,5.5912,5.59243,1.50,3.00
2011.05.18 13:06:21.505,5.5912,5.59223,1.50,3.00
2011.05.18 13:06:22.825,5.59108,5.59222,1.50,1.50
2011.05.18 13:06:22.936,5.59108,5.59212,1.50,1.50
2011.05.18 13:06:23.163,5.59088,5.59192,1.50,3.75
2011.05.18 13:06:23.493,5.59059,5.59162,1.50,1.01
2011.05.18 13:06:23.604,5.59036,5.59153,1.50,3.00
2011.05.18 13:06:23.825,5.59035,5.59162,1.50,1.01
2011.05.18 13:06:23.935,5.59035,5.59153,1.50,3.00
2011.05.18 13:06:24.854,5.59013,5.59152,1.50,3.75
2011.05.18 13:06:24.964,5.59013,5.59142,1.50,3.00
2011.05.18 13:06:25.186,5.59019,5.59162,1.13,1.01
2011.05.18 13:06:25.526,5.59013,5.59162,1.50,1.01
2011.05.18 13:06:25.636,5.59035,5.59162,1.50,1.01
2011.05.18 13:06:25.746,5.59035,5.59153,1.50,3.00
2011.05.18 13:06:26.194,5.59046,5.59173,1.50,3.75
2011.05.18 13:06:26.852,5.59046,5.59173,1.50,3.00
2011.05.18 13:06:27.513,5.5905,5.59182,1.13,3.26
2011.05.18 13:06:27.623,5.59046,5.59182,1.50,1.01
2011.05.18 13:06:27.953,5.59061,5.59182,1.50,3.26
2011.05.18 13:06:28.880,5.59047,5.59162,1.50,3.00
2011.05.18 13:06:28.998,5.59047,5.59173,1.50,3.00
2011.05.18 13:06:29.336,5.59047,5.59173,1.50,3.00
2011.05.18 13:06:29.453,5.59047,5.59182,1.50,1.01
2011.05.18 13:06:29.673,5.59055,5.59182,1.50,1.01
2011.05.18 13:06:29.786,5.59061,5.59182,1.13,1.01
2011.05.18 13:06:30.004,5.59076,5.59202,1.50,3.00
2011.05.18 13:06:30.931,5.59076,5.59202,1.50,3.00
2011.05.18 13:06:32.127,5.59076,5.59202,1.50,3.00
2011.05.18 13:06:32.573,5.59085,5.59213,1.50,3.00
2011.05.18 13:06:33.334,5.59085,5.59213,1.50,3.00
2011.05.18 13:06:33.443,5.59085,5.59213,1.50,3.00
2011.05.18 13:06:33.557,5.59085,5.59213,1.50,3.00
2011.05.18 13:06:33.894,5.59092,5.59202,1.50,3.00
2011.05.18 13:06:34.797,5.59092,5.59212,1.50,3.00
2011.05.18 13:06:35.853,5.59092,5.59212,1.50,3.00
2011.05.18 13:06:36.983,5.59092,5.59203,1.50,3.00
2011.05.18 13:06:37.095,5.59092,5.59222,1.50,1.01
2011.05.18 13:06:37.424,5.59092,5.59202,1.50,3.00
2011.05.18 13:06:37.862,5.5908,5.59222,1.50,3.26
2011.05.18 13:06:38.743,5.59091,5.59222,1.50,1.01
2011.05.18 13:06:38.963,5.591,5.59222,1.50,1.01
2011.05.18 13:06:39.184,5.59092,5.59222,1.50,3.26
2011.05.18 13:06:39.294,5.59092,5.59182,1.50,3.00
2011.05.18 13:06:39.680,5.59069,5.59203,1.50,3.00
2011.05.18 13:06:41.763,5.59086,5.59203,1.50,3.00
2011.05.18 13:06:42.555,5.59086,5.59202,1.50,3.00
2011.05.18 13:06:42.886,5.59069,5.59202,1.50,1.50
2011.05.18 13:06:43.007,5.59047,5.59172,1.50,3.00
2011.05.18 13:06:43.596,5.59046,5.59162,1.50,3.00
2011.05.18 13:06:44.165,5.59046,5.59162,1.50,3.75
2011.05.18 13:06:44.874,5.59031,5.59162,1.50,3.26
2011.05.18 13:06:46.544,5.59038,5.59162,1.50,3.26
2011.05.18 13:06:46.655,5.59038,5.59162,1.50,3.26
2011.05.18 13:06:46.764,5.59049,5.59162,1.13,2.63
2011.05.18 13:06:46.985,5.59072,5.59183,1.50,3.00
2011.05.18 13:06:47.704,5.59073,5.59213,1.50,3.00
2011.05.18 13:06:48.075,5.5908,5.59213,1.50,3.00
2011.05.18 13:06:48.846,5.59063,5.59213,1.50,3.00
2011.05.18 13:06:49.065,5.59063,5.59203,1.50,3.26
2011.05.18 13:06:49.504,5.5905,5.59202,1.54,1.50
2011.05.18 13:06:49.918,5.59078,5.59203,1.50,1.01
2011.05.18 13:06:50.913,5.59088,5.59222,1.50,3.00
2011.05.18 13:06:51.353,5.59088,5.59213,1.50,3.00
2011.05.18 13:06:52.523,5.59088,5.59212,1.50,3.00
2011.05.18 13:06:54.814,5.59088,5.59203,1.50,3.00
2011.05.18 13:06:55.335,5.59088,5.59202,1.50,1.50
2011.05.18 13:06:55.446,5.59078,5.59202,1.50,1.50
2011.05.18 13:06:55.565,5.59069,5.59182,1.50,3.00
2011.05.18 13:06:55.676,5.59045,5.59162,1.50,3.00
2011.05.18 13:06:58.555,5.59045,5.59162,1.50,3.00
2011.05.18 13:07:02.265,5.59045,5.59163,1.50,3.00
2011.05.18 13:07:02.483,5.59045,5.59163,1.50,3.00
2011.05.18 13:07:02.925,5.59037,5.59163,1.50,3.00
2011.05.18 13:07:03.146,5.59096,5.59163,1.13,2.25
2011.05.18 13:07:03.475,5.59119,5.59212,1.50,2.25
2011.05.18 13:07:03.693,5.59119,5.59242,1.50,1.01
2011.05.18 13:07:05.315,5.59134,5.59251,1.13,1.01
2011.05.18 13:07:05.538,5.59119,5.59252,1.50,3.00
2011.05.18 13:07:05.900,5.59136,5.59252,1.50,3.00
2011.05.18 13:07:06.124,5.59119,5.59243,1.50,3.00
2011.05.18 13:07:07.226,5.59119,5.59243,1.50,3.00
2011.05.18 13:07:07.447,5.59098,5.59232,1.50,3.00
2011.05.18 13:07:08.365,5.59103,5.59242,1.13,1.01
2011.05.18 13:07:08.473,5.59114,5.59242,1.50,1.01
2011.05.18 13:07:09.353,5.59114,5.59242,1.50,1.01
2011.05.18 13:07:10.744,5.59114,5.59242,1.50,1.01
2011.05.18 13:07:11.254,5.59128,5.59213,1.13,2.25
2011.05.18 13:07:11.364,5.59128,5.59232,1.13,2.25
2011.05.18 13:07:11.480,5.59123,5.59232,1.50,3.00
2011.05.18 13:07:11.703,5.59123,5.59232,1.50,3.00
2011.05.18 13:07:12.473,5.59123,5.59243,1.50,3.00
2011.05.18 13:07:12.694,5.59123,5.59243,1.50,3.00
2011.05.18 13:07:12.915,5.59114,5.59252,1.50,1.50
2011.05.18 13:07:13.025,5.59137,5.59232,1.13,2.25
2011.05.18 13:07:13.136,5.59132,5.59272,1.50,3.00
2011.05.18 13:07:13.463,5.59132,5.59252,1.50,3.00
2011.05.18 13:07:14.344,5.59118,5.59253,1.50,3.00
2011.05.18 13:07:14.455,5.59118,5.59242,1.50,3.00
2011.05.18 13:07:14.673,5.59117,5.59242,1.50,3.00
2011.05.18 13:07:15.114,5.59127,5.59263,1.50,3.00
2011.05.18 13:07:15.223,5.59129,5.59263,1.13,3.00
2011.05.18 13:07:15.544,5.59157,5.59262,1.50,2.63
2011.05.18 13:07:15.878,5.5915,5.59292,1.50,3.00
2011.05.18 13:07:16.216,5.59128,5.59274,3.00,1.35
2011.05.18 13:07:16.764,5.59131,5.59274,1.50,1.35
2011.05.18 13:07:16.873,5.59131,5.59274,1.50,1.35
2011.05.18 13:07:17.654,5.59131,5.59252,1.50,3.00
2011.05.18 13:07:18.643,5.59131,5.59253,1.50,3.00
2011.05.18 13:07:19.324,5.59131,5.59242,1.50,3.00
2011.05.18 13:07:19.547,5.59088,5.59223,1.50,3.00
2011.05.18 13:07:20.138,5.59093,5.59223,1.50,3.00
2011.05.18 13:07:20.924,5.59092,5.59222,1.50,3.00
2011.05.18 13:07:21.255,5.59102,5.59229,1.50,1.35
2011.05.18 13:07:21.695,5.5911,5.59229,1.50,1.35
2011.05.18 13:07:22.403,5.5911,5.59229,1.50,1.35
2011.05.18 13:07:22.895,5.5911,5.59229,1.50,1.35
2011.05.18 13:07:23.006,5.5911,5.59229,1.50,1.35
2011.05.18 13:07:23.115,5.59097,5.59229,1.50,1.35
2011.05.18 13:07:23.553,5.5911,5.59229,1.50,1.35
2011.05.18 13:07:24.225,5.5911,5.59229,1.50,1.35
2011.05.18 13:07:24.796,5.5911,5.59229,1.50,1.35
2011.05.18 13:07:24.905,5.5911,5.59229,1.50,1.35
2011.05.18 13:07:27.022,5.5911,5.59232,1.50,3.26
2011.05.18 13:07:27.355,5.59145,5.59272,1.50,3.00
2011.05.18 13:07:27.465,5.59145,5.59253,1.50,3.00
2011.05.18 13:07:28.343,5.59153,5.59273,1.50,3.00
2011.05.18 13:07:28.453,5.59153,5.59273,1.50,3.00
2011.05.18 13:07:29.515,5.59153,5.59283,1.50,3.00
2011.05.18 13:07:32.885,5.59153,5.59272,1.50,3.00
2011.05.18 13:07:36.015,5.59153,5.59272,1.50,3.00
2011.05.18 13:07:37.495,5.59179,5.59292,1.50,3.00
2011.05.18 13:07:38.185,5.59179,5.59322,1.50,3.00
2011.05.18 13:07:38.295,5.59179,5.59322,1.50,3.00
2011.05.18 13:07:39.913,5.59191,5.59323,1.13,3.00
2011.05.18 13:07:40.135,5.59199,5.59332,1.50,1.61
2011.05.18 13:07:40.467,5.59213,5.59332,1.50,1.61
2011.05.18 13:07:40.805,5.59231,5.59339,1.50,1.01
2011.05.18 13:07:40.915,5.59231,5.59363,1.50,3.00
2011.05.18 13:07:41.026,5.59253,5.59363,1.13,2.63
2011.05.18 13:07:41.246,5.59255,5.59372,1.50,3.00
2011.05.18 13:07:41.947,5.59257,5.59382,1.13,3.00
2011.05.18 13:07:42.071,5.59276,5.59403,1.50,3.60
2011.05.18 13:07:42.735,5.59285,5.59403,1.13,3.00
2011.05.18 13:07:42.955,5.59286,5.59423,1.50,3.00
2011.05.18 13:07:43.285,5.59286,5.59402,1.50,3.00
2011.05.18 13:07:43.615,5.59286,5.59402,1.50,3.00
2011.05.18 13:07:44.494,5.59278,5.59402,1.50,3.00
2011.05.18 13:07:44.826,5.59278,5.59393,1.50,3.00
2011.05.18 13:07:44.935,5.59295,5.59393,1.50,3.00
2011.05.18 13:07:45.665,5.59282,5.59402,1.50,3.00
2011.05.18 13:07:45.997,5.59244,5.59372,1.50,3.00
2011.05.18 13:07:46.555,5.5925,5.59383,1.50,3.00
2011.05.18 13:07:46.666,5.59251,5.59391,1.50,1.35
2011.05.18 13:07:46.885,5.59251,5.59391,1.50,1.35
2011.05.18 13:07:48.714,5.59253,5.59383,1.50,3.00
2011.05.18 13:07:49.638,5.59253,5.59372,1.50,3.00
2011.05.18 13:07:49.864,5.59244,5.59373,1.50,3.00
2011.05.18 13:07:50.413,5.59235,5.59352,1.50,3.00
2011.05.18 13:07:51.205,5.59235,5.59352,1.50,3.00
2011.05.18 13:07:52.984,5.59235,5.59352,1.50,3.00
2011.05.18 13:07:54.135,5.59235,5.59362,1.88,3.00
2011.05.18 13:07:54.245,5.59257,5.59372,1.50,3.00
2011.05.18 13:07:54.356,5.59257,5.59383,1.50,3.00
2011.05.18 13:07:54.466,5.59265,5.59391,1.50,1.35
2011.05.18 13:07:54.574,5.59273,5.59402,1.50,3.26
2011.05.18 13:07:54.905,5.59273,5.59402,1.50,3.00
2011.05.18 13:07:55.345,5.59273,5.59392,1.50,1.50
2011.05.18 13:07:55.674,5.59252,5.59382,1.50,3.75
2011.05.18 13:07:57.206,5.59252,5.59382,1.50,3.00
2011.05.18 13:07:57.621,5.5926,5.59402,1.50,3.00
2011.05.18 13:07:58.064,5.59266,5.59393,1.50,3.00
2011.05.18 13:07:58.177,5.59266,5.59402,1.50,3.00
2011.05.18 13:07:58.516,5.59266,5.59382,1.50,3.00
2011.05.18 13:07:59.404,5.59266,5.59393,1.50,3.75
2011.05.18 13:07:59.624,5.59269,5.59372,1.13,2.25
2011.05.18 13:07:59.735,5.59282,5.59372,1.50,2.25
2011.05.18 13:07:59.957,5.59305,5.59372,1.13,2.25
2011.05.18 13:08:00.079,5.59305,5.59422,1.13,2.63
2011.05.18 13:08:00.194,5.59309,5.59432,1.13,1.01
2011.05.18 13:08:00.524,5.59314,5.59432,1.50,1.01
2011.05.18 13:08:00.853,5.59314,5.59432,1.50,1.01
2011.05.18 13:08:01.183,5.59284,5.59403,1.50,3.00
2011.05.18 13:08:02.435,5.59284,5.59403,1.50,3.00
2011.05.18 13:08:02.547,5.59297,5.59403,1.50,3.00
2011.05.18 13:08:02.777,5.59296,5.59432,1.50,4.35
2011.05.18 13:08:03.336,5.59296,5.59412,1.50,3.00
2011.05.18 13:08:03.665,5.59317,5.59432,1.50,3.60
2011.05.18 13:08:03.775,5.59317,5.59432,1.50,1.35
2011.05.18 13:08:03.885,5.59317,5.59442,1.50,3.00
2011.05.18 13:08:05.775,5.59324,5.59462,1.50,3.00
2011.05.18 13:08:05.884,5.59324,5.59462,1.50,3.00
2011.05.18 13:08:05.995,5.59324,5.59462,1.50,2.25
2011.05.18 13:08:06.385,5.59324,5.59493,1.50,2.51
2011.05.18 13:08:06.500,5.59335,5.59493,1.50,2.51
2011.05.18 13:08:07.654,5.59326,5.59473,1.50,2.51
2011.05.18 13:08:07.874,5.59348,5.59482,1.54,2.51
2011.05.18 13:08:08.205,5.59349,5.59503,1.54,3.11
2011.05.18 13:08:08.644,5.59367,5.59532,3.00,1.01
2011.05.18 13:08:08.759,5.59376,5.59503,1.50,2.25
2011.05.18 13:08:09.319,5.59378,5.59503,1.54,2.25
2011.05.18 13:08:09.442,5.59378,5.59533,1.54,2.51
2011.05.18 13:08:09.556,5.59405,5.59569,2.25,1.01
2011.05.18 13:08:09.677,5.59419,5.59572,1.50,3.26
2011.05.18 13:08:09.798,5.59419,5.59569,1.50,1.35
2011.05.18 13:08:10.136,5.59394,5.59533,1.54,2.51
2011.05.18 13:08:10.478,5.59398,5.59562,3.00,3.11
2011.05.18 13:08:10.596,5.59405,5.59542,1.50,2.25
2011.05.18 13:08:10.925,5.59405,5.59532,1.50,2.25
2011.05.18 13:08:11.036,5.59405,5.59532,1.50,2.25
2011.05.18 13:08:11.255,5.59388,5.59523,1.50,2.25
2011.05.18 13:08:11.363,5.59388,5.59533,1.50,2.25
2011.05.18 13:08:11.473,5.59388,5.59533,1.50,2.25
2011.05.18 13:08:12.885,5.59381,5.59533,1.50,3.00
2011.05.18 13:08:12.996,5.59371,5.59522,1.54,2.25
2011.05.18 13:08:13.118,5.59371,5.59513,1.50,2.25
2011.05.18 13:08:13.234,5.59371,5.59532,1.50,2.51
2011.05.18 13:08:13.457,5.59371,5.59523,1.54,2.63
2011.05.18 13:08:14.015,5.59371,5.59523,1.50,2.63
2011.05.18 13:08:14.348,5.59371,5.59502,1.50,2.63
2011.05.18 13:08:14.574,5.59343,5.59483,1.50,2.25
2011.05.18 13:08:14.683,5.59343,5.59492,1.50,2.51
2011.05.18 13:08:15.453,5.59343,5.59482,1.54,2.25
2011.05.18 13:08:15.975,5.59343,5.59493,1.50,2.51
2011.05.18 13:08:16.524,5.5935,5.59502,1.50,2.88
2011.05.18 13:08:17.734,5.5935,5.59502,1.50,2.25
2011.05.18 13:08:17.843,5.59373,5.59523,1.50,2.25
2011.05.18 13:08:17.955,5.59374,5.59532,1.50,2.51
2011.05.18 13:08:18.284,5.59374,5.59522,1.50,2.25
2011.05.18 13:08:18.833,5.59374,5.59523,1.50,2.25
2011.05.18 13:08:19.273,5.59374,5.59512,1.50,2.25
2011.05.18 13:08:20.306,5.59374,5.59523,1.50,2.25
2011.05.18 13:08:21.877,5.59374,5.59523,1.50,3.00
2011.05.18 13:08:22.104,5.59367,5.59522,1.50,2.25
2011.05.18 13:08:22.655,5.59367,5.59522,1.54,3.00
2011.05.18 13:08:22.984,5.59366,5.59502,1.50,2.25
2011.05.18 13:08:24.554,5.59366,5.59502,1.50,2.85
2011.05.18 13:08:24.918,5.59345,5.59463,1.54,2.51
2011.05.18 13:08:25.042,5.59303,5.59455,1.50,1.01
2011.05.18 13:08:25.157,5.59303,5.59442,1.50,2.25
2011.05.18 13:08:25.605,5.59303,5.59459,1.50,1.01
2011.05.18 13:08:25.936,5.59318,5.59473,1.50,2.51
2011.05.18 13:08:26.376,5.59331,5.59492,1.50,3.00
2011.05.18 13:08:26.486,5.59331,5.59483,1.50,2.25
2011.05.18 13:08:27.233,5.59331,5.59483,1.50,3.00
2011.05.18 13:08:27.455,5.59331,5.59483,1.50,2.63
2011.05.18 13:08:27.564,5.59331,5.59483,1.50,2.63
2011.05.18 13:08:28.004,5.59324,5.59483,1.54,2.63
2011.05.18 13:08:28.466,5.59357,5.59513,3.00,1.01
2011.05.18 13:08:28.804,5.5936,5.59503,1.50,2.51
2011.05.18 13:08:28.914,5.5936,5.59503,1.50,2.51
2011.05.18 13:08:29.463,5.59352,5.59503,1.54,2.51
2011.05.18 13:08:29.794,5.59352,5.59503,1.50,2.25
2011.05.18 13:08:30.014,5.59352,5.59513,1.50,2.88
2011.05.18 13:08:30.715,5.59352,5.59512,1.50,1.01
2011.05.18 13:08:31.213,5.59352,5.59513,1.50,2.51
2011.05.18 13:08:31.325,5.59352,5.59512,1.50,1.01
2011.05.18 13:08:31.654,5.59347,5.59472,1.50,2.25
2011.05.18 13:08:31.765,5.59347,5.59503,1.50,2.51
2011.05.18 13:08:32.394,5.59348,5.59482,1.65,2.25
2011.05.18 13:08:32.613,5.59348,5.59492,1.50,2.51
2011.05.18 13:08:33.436,5.5937,5.59492,1.50,2.25
2011.05.18 13:08:33.544,5.59373,5.59532,1.50,3.11
2011.05.18 13:08:33.655,5.59373,5.59513,1.54,2.25
2011.05.18 13:08:33.764,5.59373,5.59533,1.54,3.11
2011.05.18 13:08:34.094,5.59373,5.59522,1.54,2.25
2011.05.18 13:08:34.753,5.59373,5.59523,1.50,2.25
2011.05.18 13:08:35.519,5.59373,5.59532,1.50,3.48
2011.05.18 13:08:35.633,5.59373,5.59532,1.50,3.48
2011.05.18 13:08:36.073,5.59368,5.59503,1.50,2.25
2011.05.18 13:08:36.184,5.59368,5.59532,3.75,3.11
2011.05.18 13:08:36.293,5.59368,5.59533,1.50,3.11
2011.05.18 13:08:38.216,5.59368,5.59523,1.50,2.25
2011.05.18 13:08:38.543,5.59374,5.59523,1.50,2.25
2011.05.18 13:08:39.093,5.59374,5.59522,1.50,2.25
2011.05.18 13:08:39.203,5.59374,5.59533,1.50,3.11
2011.05.18 13:08:39.977,5.59374,5.59523,1.50,1.50
2011.05.18 13:08:40.094,5.59367,5.59525,3.00,1.35
2011.05.18 13:08:40.206,5.59365,5.59471,1.50,5.10
2011.05.18 13:08:40.534,5.59328,5.59492,2.25,3.63
2011.05.18 13:08:40.921,5.59355,5.59483,1.50,2.25
2011.05.18 13:08:41.041,5.59363,5.59512,1.50,2.25
2011.05.18 13:08:41.157,5.59379,5.59521,1.50,4.01
2011.05.18 13:08:41.936,5.59379,5.59513,1.50,1.01
2011.05.18 13:08:42.044,5.59368,5.59532,3.00,2.88
2011.05.18 13:08:42.704,5.59366,5.59533,1.50,2.88
2011.05.18 13:08:43.366,5.5938,5.59513,1.50,1.01
2011.05.18 13:08:43.474,5.59367,5.59513,1.50,1.01
2011.05.18 13:08:43.584,5.59367,5.59502,1.50,3.00
2011.05.18 13:08:43.696,5.59342,5.59502,1.50,2.25
2011.05.18 13:08:43.805,5.59342,5.59482,1.50,2.25
2011.05.18 13:08:43.914,5.59342,5.59492,1.50,2.25
2011.05.18 13:08:44.025,5.59342,5.59503,1.50,2.25
2011.05.18 13:08:44.354,5.59349,5.59492,1.50,2.25
2011.05.18 13:08:44.464,5.59349,5.59502,1.50,2.25
2011.05.18 13:08:44.573,5.59349,5.59493,1.50,2.25
2011.05.18 13:08:44.683,5.59349,5.59502,1.50,2.25
2011.05.18 13:08:44.997,5.59375,5.59523,1.50,2.51
2011.05.18 13:08:48.373,5.59391,5.59543,1.50,2.51
2011.05.18 13:08:48.815,5.59391,5.59503,1.50,2.25
2011.05.18 13:08:48.924,5.59374,5.59532,1.50,2.51
2011.05.18 13:08:49.364,5.59381,5.59523,1.50,2.88
2011.05.18 13:08:49.804,5.59373,5.59522,1.50,2.51
2011.05.18 13:08:51.603,5.59386,5.59533,1.50,2.51
2011.05.18 13:08:53.693,5.59447,5.59572,1.50,3.00
2011.05.18 13:08:54.134,5.59453,5.59572,1.13,2.25
2011.05.18 13:08:54.245,5.59447,5.59592,1.50,1.50
2011.05.18 13:08:54.574,5.59455,5.59582,1.50,3.00
2011.05.18 13:08:54.683,5.59455,5.59602,1.50,3.00
2011.05.18 13:08:55.013,5.59465,5.59602,1.50,3.00
2011.05.18 13:08:55.629,5.59472,5.59603,1.50,1.35
2011.05.18 13:08:55.747,5.59472,5.59603,1.50,1.35
2011.05.18 13:08:55.979,5.59471,5.59612,1.50,3.00
2011.05.18 13:08:56.096,5.59471,5.59592,1.50,2.63
2011.05.18 13:08:56.328,5.59485,5.59612,1.50,3.00
2011.05.18 13:08:56.776,5.59485,5.59623,1.50,1.01
2011.05.18 13:08:56.896,5.59496,5.59624,1.50,1.01
2011.05.18 13:08:57.005,5.59496,5.59632,1.50,3.00
2011.05.18 13:08:57.336,5.59511,5.59633,1.50,3.00
2011.05.18 13:08:57.444,5.59511,5.59633,1.50,3.00
2011.05.18 13:08:57.666,5.59511,5.59633,1.50,3.00
2011.05.18 13:08:57.774,5.59519,5.59642,1.50,3.00
2011.05.18 13:08:58.984,5.5952,5.59653,1.50,3.00
2011.05.18 13:08:59.936,5.5952,5.59632,1.50,3.00
2011.05.18 13:09:00.265,5.59495,5.59623,1.50,3.00
2011.05.18 13:09:00.374,5.59495,5.59613,1.50,3.00
2011.05.18 13:09:00.595,5.59495,5.59622,1.50,3.00
2011.05.18 13:09:00.925,5.59503,5.59622,1.50,3.00
2011.05.18 13:09:01.254,5.59503,5.59622,1.50,3.00
2011.05.18 13:09:01.803,5.59497,5.59612,1.50,3.00
2011.05.18 13:09:01.913,5.5949,5.59612,1.50,3.00
2011.05.18 13:09:02.903,5.5949,5.59612,1.50,3.00
2011.05.18 13:09:04.078,5.59468,5.59593,1.50,3.00
2011.05.18 13:09:04.414,5.59468,5.59583,1.50,3.00
2011.05.18 13:09:04.743,5.59453,5.59573,1.50,3.00
2011.05.18 13:09:05.323,5.59453,5.59573,1.50,3.00
2011.05.18 13:09:05.436,5.59457,5.59573,1.13,2.25
2011.05.18 13:09:05.654,5.59483,5.59592,1.50,3.00
2011.05.18 13:09:07.924,5.59483,5.59612,1.50,3.00
2011.05.18 13:09:08.368,5.5947,5.59612,1.50,1.50
2011.05.18 13:09:08.719,5.5947,5.59603,1.50,3.00
2011.05.18 13:09:10.486,5.59456,5.59593,1.50,3.00
2011.05.18 13:09:10.703,5.59456,5.59582,1.50,3.00
2011.05.18 13:09:12.036,5.5945,5.59572,1.50,2.63
2011.05.18 13:09:12.143,5.5945,5.59572,1.50,3.00
2011.05.18 13:09:12.737,5.59441,5.59572,1.50,3.00
2011.05.18 13:09:13.403,5.59441,5.59572,1.50,3.00
2011.05.18 13:09:14.155,5.59441,5.59572,1.50,3.00
2011.05.18 13:09:14.373,5.59441,5.59572,1.50,3.00
2011.05.18 13:09:14.704,5.5943,5.59572,1.50,3.00
2011.05.18 13:09:15.884,5.59453,5.59563,1.50,2.25
2011.05.18 13:09:15.994,5.59469,5.59563,1.50,2.25
2011.05.18 13:09:16.214,5.59461,5.59602,1.13,1.35
2011.05.18 13:09:16.621,5.59449,5.59592,1.50,3.00
2011.05.18 13:09:17.683,5.59449,5.59582,1.50,3.00
2011.05.18 13:09:18.178,5.5944,5.59582,1.50,3.00
2011.05.18 13:09:18.404,5.59439,5.59553,1.50,2.25
2011.05.18 13:09:18.514,5.59439,5.59582,1.50,1.50
2011.05.18 13:09:19.173,5.59439,5.59572,1.50,3.00
2011.05.18 13:09:20.414,5.5944,5.59561,1.50,1.35
2011.05.18 13:09:20.525,5.59429,5.59561,1.50,1.35
2011.05.18 13:09:20.635,5.59429,5.59553,1.50,3.00
2011.05.18 13:09:22.231,5.59436,5.59563,1.50,3.00
2011.05.18 13:09:22.348,5.5943,5.59563,1.50,3.00
2011.05.18 13:09:22.853,5.59429,5.59563,1.50,3.00
2011.05.18 13:09:24.183,5.59429,5.59562,1.50,3.00
2011.05.18 13:09:24.645,5.59429,5.59553,1.50,3.00
2011.05.18 13:09:24.755,5.59421,5.59552,1.50,3.00
2011.05.18 13:09:25.084,5.59413,5.59532,1.50,3.00
2011.05.18 13:09:25.193,5.59413,5.59532,1.50,3.00
2011.05.18 13:09:25.414,5.59413,5.59532,1.50,3.00
2011.05.18 13:09:25.637,5.5943,5.59561,1.50,1.35
2011.05.18 13:09:26.061,5.59413,5.59533,1.50,3.00
2011.05.18 13:09:27.396,5.59413,5.59532,1.50,3.00
2011.05.18 13:09:28.355,5.59397,5.59524,1.50,1.35
2011.05.18 13:09:28.576,5.59374,5.59493,1.50,3.00
2011.05.18 13:09:29.633,5.59374,5.59503,1.50,3.00
2011.05.18 13:09:30.468,5.59359,5.59489,1.50,1.35
2011.05.18 13:09:30.806,5.59359,5.59502,1.50,3.00
2011.05.18 13:09:32.874,5.59368,5.59493,1.50,3.00
2011.05.18 13:09:33.424,5.59368,5.59502,1.50,3.00
2011.05.18 13:09:33.754,5.59368,5.59442,1.50,2.63
2011.05.18 13:09:33.863,5.59356,5.59442,1.50,2.63
2011.05.18 13:09:34.302,5.59356,5.59453,1.50,3.00
2011.05.18 13:09:35.636,5.59347,5.59462,1.50,2.25
2011.05.18 13:09:35.856,5.59367,5.59473,1.50,2.25
2011.05.18 13:09:35.965,5.59367,5.59482,1.50,3.00
2011.05.18 13:09:36.074,5.59351,5.59473,1.50,2.25
2011.05.18 13:09:36.183,5.59351,5.59482,1.50,3.00
2011.05.18 13:09:36.295,5.59351,5.59472,1.50,2.25
2011.05.18 13:09:36.623,5.59351,5.59462,1.50,2.63
2011.05.18 13:09:38.270,5.59351,5.59472,1.50,3.00
2011.05.18 13:09:39.413,5.59351,5.59472,1.50,2.25
2011.05.18 13:09:39.808,5.59362,5.59483,1.50,3.00
2011.05.18 13:09:40.143,5.59362,5.59472,1.50,2.25
2011.05.18 13:09:41.914,5.59362,5.59482,1.50,2.63
2011.05.18 13:09:44.127,5.59362,5.59482,1.50,3.00
2011.05.18 13:09:45.584,5.59362,5.59503,1.50,3.00
2011.05.18 13:09:46.043,5.59374,5.59503,1.50,3.00
2011.05.18 13:09:46.677,5.59374,5.59492,1.50,3.00
2011.05.18 13:09:47.015,5.59365,5.59482,1.50,1.50
2011.05.18 13:09:47.234,5.59354,5.59463,1.50,3.00
2011.05.18 13:09:47.454,5.59363,5.59493,1.50,3.00
2011.05.18 13:09:48.393,5.59363,5.59493,1.50,3.00
2011.05.18 13:09:48.943,5.59363,5.59502,1.50,3.00
2011.05.18 13:09:49.053,5.59373,5.59502,1.50,3.00
2011.05.18 13:09:50.224,5.59373,5.59503,1.50,3.00
2011.05.18 13:09:50.883,5.59378,5.59503,1.50,3.00
2011.05.18 13:09:51.475,5.59378,5.59503,1.50,3.00
2011.05.18 13:09:52.766,5.59378,5.59503,1.50,3.00
2011.05.18 13:09:53.205,5.59372,5.59493,1.50,3.00
2011.05.18 13:09:53.754,5.59372,5.59483,1.50,3.00
2011.05.18 13:09:54.084,5.59357,5.59472,1.50,3.00
2011.05.18 13:09:57.534,5.59357,5.59483,1.50,3.00
2011.05.18 13:09:57.644,5.59368,5.59483,1.50,3.00
2011.05.18 13:09:59.653,5.59368,5.59483,1.50,3.00
2011.05.18 13:09:59.765,5.59359,5.59483,1.50,3.00
2011.05.18 13:10:00.782,5.59366,5.59492,1.50,3.00
2011.05.18 13:10:00.900,5.59366,5.59502,1.50,3.00
2011.05.18 13:10:01.345,5.59379,5.59502,1.50,3.00
2011.05.18 13:10:03.864,5.59379,5.59502,1.50,3.00
2011.05.18 13:10:04.797,5.59379,5.59492,1.50,3.00
2011.05.18 13:10:06.615,5.59379,5.59492,1.50,3.00
2011.05.18 13:10:06.944,5.59365,5.59492,1.50,3.00
2011.05.18 13:10:07.274,5.59358,5.59483,1.50,3.00
2011.05.18 13:10:07.385,5.59358,5.59482,1.50,3.00
2011.05.18 13:10:08.294,5.59371,5.59502,1.50,3.00
2011.05.18 13:10:10.064,5.59371,5.59502,1.50,3.00
2011.05.18 13:10:10.573,5.59379,5.59482,1.50,2.25
2011.05.18 13:10:10.692,5.59379,5.59482,1.50,3.00
2011.05.18 13:10:11.464,5.59379,5.59503,1.50,3.00
2011.05.18 13:10:12.053,5.59379,5.59503,1.50,3.00
2011.05.18 13:10:12.625,5.59379,5.59503,1.50,3.00
2011.05.18 13:10:13.725,5.59389,5.59503,1.50,3.00
2011.05.18 13:10:14.274,5.59388,5.59511,1.50,1.35
2011.05.18 13:10:14.775,5.59388,5.59513,1.50,3.00
2011.05.18 13:10:15.170,5.59397,5.59522,1.50,3.00
2011.05.18 13:10:15.507,5.59406,5.59532,1.50,3.00
2011.05.18 13:10:16.745,5.59406,5.59532,1.50,3.00
2011.05.18 13:10:17.516,5.59406,5.59532,1.50,3.00
2011.05.18 13:10:17.736,5.59412,5.59542,1.50,3.00
2011.05.18 13:10:17.955,5.59432,5.59583,1.50,3.60
2011.05.18 13:10:20.584,5.59452,5.59583,1.50,3.60
2011.05.18 13:10:21.585,5.59459,5.59572,1.50,3.00
2011.05.18 13:10:23.095,5.59459,5.59582,1.50,3.00
2011.05.18 13:10:24.225,5.59459,5.59582,1.50,3.00
2011.05.18 13:10:24.336,5.59459,5.59582,1.50,3.00
2011.05.18 13:10:24.446,5.59459,5.59582,1.50,3.00
2011.05.18 13:10:24.895,5.59448,5.59582,1.50,3.00
2011.05.18 13:10:26.477,5.59433,5.59573,1.50,3.00
2011.05.18 13:10:26.594,5.59433,5.59563,1.50,3.00
2011.05.18 13:10:28.070,5.59433,5.59553,1.50,3.00
2011.05.18 13:10:28.953,5.59425,5.59542,1.50,3.00
2011.05.18 13:10:29.503,5.59425,5.59542,1.50,3.00
2011.05.18 13:10:29.935,5.594,5.59532,1.50,3.75
2011.05.18 13:10:30.965,5.594,5.59513,1.50,3.00
2011.05.18 13:10:31.765,5.594,5.59513,1.50,3.00
2011.05.18 13:10:31.984,5.59417,5.59513,1.50,3.00
2011.05.18 13:10:33.055,5.59417,5.59542,1.50,3.00
2011.05.18 13:10:34.715,5.59417,5.59532,1.50,3.00
2011.05.18 13:10:36.023,5.59417,5.59543,1.50,3.00
2011.05.18 13:10:36.134,5.59417,5.59543,1.50,3.00
2011.05.18 13:10:36.355,5.59417,5.59543,1.50,3.00
2011.05.18 13:10:36.576,5.59428,5.59543,1.50,2.25
2011.05.18 13:10:36.686,5.59427,5.59563,1.50,2.63
2011.05.18 13:10:36.793,5.59427,5.59593,1.50,3.00
2011.05.18 13:10:38.654,5.59455,5.59583,1.50,3.00
2011.05.18 13:10:39.063,5.59455,5.59582,1.50,1.50
2011.05.18 13:10:39.503,5.59445,5.59562,1.50,3.00
2011.05.18 13:10:39.724,5.59434,5.59563,1.50,3.00
2011.05.18 13:10:40.713,5.59433,5.59563,1.50,3.00
2011.05.18 13:10:41.048,5.59443,5.59572,1.50,3.00
2011.05.18 13:10:42.078,5.59443,5.59572,1.50,3.00
2011.05.18 13:10:44.741,5.59443,5.59562,1.50,3.00
2011.05.18 13:10:45.734,5.59443,5.59563,1.50,3.00
2011.05.18 13:10:46.784,5.59443,5.59583,1.50,3.00
2011.05.18 13:10:47.680,5.5945,5.59583,1.50,3.00
2011.05.18 13:10:48.125,5.59458,5.59583,1.50,3.00
2011.05.18 13:10:48.864,5.59458,5.59583,1.50,3.00
2011.05.18 13:10:49.735,5.59458,5.59583,1.50,3.00
2011.05.18 13:10:49.847,5.59458,5.59583,1.50,3.00
2011.05.18 13:10:50.614,5.59458,5.59583,1.50,2.63
2011.05.18 13:10:50.835,5.59458,5.59552,1.50,2.25
2011.05.18 13:10:50.945,5.59458,5.59573,1.50,3.00
2011.05.18 13:10:51.322,5.59439,5.59573,1.50,3.00
2011.05.18 13:10:51.437,5.59462,5.59593,1.50,3.00
2011.05.18 13:10:51.944,5.59462,5.59593,1.50,3.00
2011.05.18 13:10:52.159,5.59462,5.59593,1.50,3.00
2011.05.18 13:10:52.280,5.59452,5.59583,1.50,3.00
2011.05.18 13:10:52.398,5.5947,5.59583,1.50,3.00
2011.05.18 13:10:53.333,5.59454,5.59583,1.50,3.00
2011.05.18 13:10:55.315,5.59464,5.59583,1.13,2.25
2011.05.18 13:10:55.424,5.59454,5.59583,1.50,3.00
2011.05.18 13:10:55.755,5.59459,5.59583,1.50,3.00
2011.05.18 13:10:56.730,5.59459,5.59583,1.50,3.00
2011.05.18 13:10:56.849,5.59459,5.59583,1.50,3.00
2011.05.18 13:10:58.366,5.59459,5.59583,1.50,3.00
2011.05.18 13:11:01.412,5.59459,5.59583,1.50,3.00
2011.05.18 13:11:01.854,5.59459,5.59592,1.50,1.50
2011.05.18 13:11:02.075,5.59469,5.59573,1.13,2.25
2011.05.18 13:11:02.186,5.59445,5.59573,1.50,3.00
2011.05.18 13:11:02.762,5.59466,5.59582,1.50,3.00
2011.05.18 13:11:03.205,5.59465,5.59582,1.50,3.00
2011.05.18 13:11:03.428,5.5947,5.59582,1.13,2.25
2011.05.18 13:11:03.545,5.59465,5.59603,1.50,3.00
2011.05.18 13:11:03.767,5.59471,5.59582,1.50,2.63
2011.05.18 13:11:04.214,5.59471,5.59592,1.50,3.00
2011.05.18 13:11:05.096,5.59488,5.59623,1.50,3.00
2011.05.18 13:11:05.205,5.59489,5.59623,1.50,3.00
2011.05.18 13:11:06.135,5.59475,5.59612,1.50,3.00
2011.05.18 13:11:06.682,5.59481,5.59602,1.50,3.00
2011.05.18 13:11:07.173,5.59481,5.59602,1.50,3.00
2011.05.18 13:11:07.504,5.59481,5.59602,1.50,3.00
2011.05.18 13:11:08.054,5.59474,5.59593,1.50,3.00
2011.05.18 13:11:08.277,5.59456,5.59583,1.50,3.00
2011.05.18 13:11:11.327,5.59464,5.59592,1.50,3.00
2011.05.18 13:11:11.664,5.59464,5.59592,1.50,3.00
2011.05.18 13:11:12.547,5.59464,5.59592,1.50,2.63
2011.05.18 13:11:12.665,5.59479,5.59592,1.50,2.63
2011.05.18 13:11:13.323,5.59469,5.59593,1.50,2.63
2011.05.18 13:11:13.876,5.59469,5.59593,1.50,3.00
2011.05.18 13:11:14.815,5.59482,5.59592,1.13,2.25
2011.05.18 13:11:14.924,5.59469,5.59592,1.50,3.00
2011.05.18 13:11:15.254,5.59483,5.59603,1.50,3.00
2011.05.18 13:11:16.023,5.59483,5.59603,1.50,3.00
2011.05.18 13:11:17.123,5.59483,5.59603,1.50,3.00
2011.05.18 13:11:17.344,5.59483,5.59613,1.50,3.00
2011.05.18 13:11:17.454,5.59483,5.59593,1.50,3.00
2011.05.18 13:11:17.564,5.59473,5.59613,1.50,3.00
2011.05.18 13:11:19.383,5.59473,5.59602,1.50,3.00
2011.05.18 13:11:20.525,5.59473,5.59602,1.50,3.00
2011.05.18 13:11:21.264,5.5947,5.59528,1.50,1.35
2011.05.18 13:11:21.374,5.59428,5.59528,2.25,1.35
2011.05.18 13:11:21.485,5.59404,5.59513,1.50,2.25
2011.05.18 13:11:21.596,5.59436,5.59582,1.50,1.61
2011.05.18 13:11:21.927,5.59396,5.59512,1.50,3.00
2011.05.18 13:11:22.045,5.59396,5.59522,1.50,3.00
2011.05.18 13:11:22.154,5.59396,5.59532,1.50,1.01
2011.05.18 13:11:23.447,5.59396,5.59532,1.50,3.26
2011.05.18 13:11:24.675,5.59404,5.59532,1.50,1.01
2011.05.18 13:11:25.004,5.59397,5.59522,1.50,3.00
2011.05.18 13:11:25.118,5.59397,5.59522,1.50,3.00
2011.05.18 13:11:25.785,5.59397,5.59522,1.50,3.00
2011.05.18 13:11:26.680,5.59397,5.59513,1.50,3.00
2011.05.18 13:11:27.233,5.59397,5.59522,1.50,3.00
2011.05.18 13:11:27.819,5.59397,5.59522,1.50,3.00
2011.05.18 13:11:27.937,5.59397,5.59523,1.50,3.00
2011.05.18 13:11:28.276,5.59386,5.59513,1.50,3.00
2011.05.18 13:11:29.374,5.59374,5.59493,1.50,3.26
2011.05.18 13:11:29.814,5.59383,5.59493,1.50,1.01
2011.05.18 13:11:30.324,5.59383,5.59506,1.50,1.01
2011.05.18 13:11:30.435,5.59383,5.59522,1.50,3.00
2011.05.18 13:11:31.895,5.59396,5.59523,1.50,3.00
2011.05.18 13:11:32.995,5.59396,5.59513,1.50,3.00
2011.05.18 13:11:33.804,5.59396,5.59513,1.50,3.00
2011.05.18 13:11:34.025,5.59378,5.59493,1.50,1.01
2011.05.18 13:11:34.144,5.59377,5.59499,1.50,1.01
2011.05.18 13:11:34.471,5.59389,5.59512,1.50,3.26
2011.05.18 13:11:34.855,5.59389,5.59512,1.50,3.26
2011.05.18 13:11:35.082,5.59373,5.59503,1.50,3.00
2011.05.18 13:11:35.630,5.59385,5.59512,1.50,3.00
2011.05.18 13:11:36.333,5.59385,5.59512,1.50,3.00
2011.05.18 13:11:36.552,5.59385,5.59512,1.50,3.00
2011.05.18 13:11:36.661,5.59385,5.59512,1.50,3.00
2011.05.18 13:11:39.462,5.59385,5.59512,1.50,3.00
2011.05.18 13:11:39.681,5.59397,5.59512,1.50,3.00
2011.05.18 13:11:43.412,5.59397,5.59512,1.50,3.00
2011.05.18 13:11:44.184,5.59397,5.59493,1.50,3.00
2011.05.18 13:11:44.301,5.59397,5.59493,1.50,3.00
2011.05.18 13:11:44.523,5.59379,5.59483,1.50,3.00
2011.05.18 13:11:45.232,5.59372,5.59483,1.50,3.00
2011.05.18 13:11:47.994,5.59372,5.59483,1.50,3.00
2011.05.18 13:11:48.102,5.59372,5.59483,1.50,3.00
2011.05.18 13:11:48.213,5.59372,5.59473,1.50,3.00
2011.05.18 13:11:48.431,5.59365,5.59493,1.50,3.00
2011.05.18 13:11:49.201,5.59375,5.59493,1.50,3.00
2011.05.18 13:11:51.622,5.59375,5.59482,1.50,3.00
2011.05.18 13:11:53.564,5.59375,5.59492,1.50,3.00
2011.05.18 13:11:53.676,5.59375,5.59472,1.50,3.00
2011.05.18 13:11:53.902,5.59375,5.59472,1.50,3.26
2011.05.18 13:11:56.821,5.59352,5.59472,1.50,1.01
2011.05.18 13:11:58.972,5.59352,5.59472,1.50,1.01
2011.05.18 13:11:59.748,5.59361,5.59472,1.50,1.01
2011.05.18 13:12:00.361,5.59361,5.59472,1.50,1.01
2011.05.18 13:12:01.880,5.59361,5.59472,1.50,1.01
2011.05.18 13:12:02.883,5.59361,5.59472,1.50,1.01
2011.05.18 13:12:03.213,5.59361,5.59472,1.50,1.01
2011.05.18 13:12:03.324,5.59361,5.59462,1.50,3.00
2011.05.18 13:12:03.849,5.59344,5.59472,1.50,3.26
2011.05.18 13:12:03.969,5.59321,5.59443,1.50,3.00
2011.05.18 13:12:04.305,5.59307,5.59413,1.50,3.00
2011.05.18 13:12:04.424,5.59293,5.59413,1.50,3.00
2011.05.18 13:12:04.643,5.59283,5.59403,1.50,3.00
2011.05.18 13:12:05.191,5.59283,5.59403,1.50,3.00
2011.05.18 13:12:05.541,5.59283,5.59403,1.50,3.00
2011.05.18 13:12:06.631,5.59283,5.59403,1.50,3.00
2011.05.18 13:12:07.384,5.59271,5.59393,1.50,3.00
2011.05.18 13:12:07.725,5.59245,5.59382,1.50,1.50
2011.05.18 13:12:08.961,5.59245,5.59383,1.50,3.00
2011.05.18 13:12:09.185,5.59245,5.59382,1.50,3.00
2011.05.18 13:12:09.632,5.59253,5.59382,1.50,3.00
2011.05.18 13:12:10.073,5.59259,5.59373,1.50,3.00
2011.05.18 13:12:10.370,5.59259,5.59402,1.13,3.00
2011.05.18 13:12:10.493,5.59283,5.59403,1.50,1.01
2011.05.18 13:12:11.524,5.59283,5.59403,1.50,1.01
2011.05.18 13:12:11.634,5.59283,5.59403,1.50,3.26
2011.05.18 13:12:11.755,5.59268,5.59403,1.50,3.26
2011.05.18 13:12:11.873,5.59273,5.59402,1.13,3.00
2011.05.18 13:12:12.981,5.59279,5.59403,1.50,1.01
2011.05.18 13:12:13.461,5.59287,5.59403,1.50,1.01
2011.05.18 13:12:14.642,5.59287,5.59403,1.50,1.01
2011.05.18 13:12:15.080,5.59295,5.59423,1.50,3.00
2011.05.18 13:12:15.192,5.59295,5.59423,1.50,3.00
2011.05.18 13:12:15.670,5.59318,5.59423,1.13,2.25
2011.05.18 13:12:15.795,5.59336,5.59452,1.50,3.00
2011.05.18 13:12:16.683,5.59327,5.59453,1.50,3.00
2011.05.18 13:12:17.332,5.59327,5.59453,1.50,3.00
2011.05.18 13:12:19.103,5.59328,5.59442,1.50,3.00
2011.05.18 13:12:19.543,5.59319,5.59443,1.50,3.00
2011.05.18 13:12:19.956,5.59313,5.59442,1.50,3.00
2011.05.18 13:12:20.517,5.59313,5.59442,1.50,3.00
2011.05.18 13:12:20.743,5.59303,5.59423,1.50,3.00
2011.05.18 13:12:20.854,5.59303,5.59423,1.50,3.00
2011.05.18 13:12:21.182,5.59313,5.59443,1.50,3.00
2011.05.18 13:12:22.034,5.59313,5.59443,1.50,3.00
2011.05.18 13:12:23.601,5.59313,5.59443,1.50,3.00
2011.05.18 13:12:24.813,5.59313,5.59423,1.50,3.00
2011.05.18 13:12:25.903,5.59313,5.59423,1.50,3.00
2011.05.18 13:12:28.062,5.59303,5.59423,1.50,3.00
2011.05.18 13:12:29.273,5.59303,5.59384,1.50,1.35
2011.05.18 13:12:29.604,5.59257,5.59363,1.50,2.25
2011.05.18 13:12:30.402,5.59257,5.59362,1.50,2.25
2011.05.18 13:12:30.515,5.59257,5.59373,1.50,2.25
2011.05.18 13:12:31.072,5.59257,5.59373,1.50,2.25
2011.05.18 13:12:31.524,5.5928,5.59373,1.50,2.25
2011.05.18 13:12:31.644,5.59297,5.594,2.25,1.35
2011.05.18 13:12:31.755,5.59306,5.594,1.50,1.35
2011.05.18 13:12:32.092,5.59306,5.59362,1.50,2.25
2011.05.18 13:12:32.203,5.59248,5.59362,1.50,2.25
2011.05.18 13:12:32.313,5.59248,5.59373,1.50,2.25
2011.05.18 13:12:32.423,5.59247,5.59383,1.50,2.25
2011.05.18 13:12:32.643,5.59258,5.59383,1.50,2.51
2011.05.18 13:12:32.864,5.59258,5.59393,1.50,2.25
2011.05.18 13:12:33.082,5.59258,5.59383,1.50,2.25
2011.05.18 13:12:33.413,5.5927,5.59383,1.50,2.25
2011.05.18 13:12:33.994,5.5927,5.59393,1.50,2.25
2011.05.18 13:12:35.211,5.5927,5.59392,1.50,2.25
2011.05.18 13:12:36.054,5.5927,5.59392,1.50,2.25
2011.05.18 13:12:36.164,5.5927,5.59392,1.50,2.25
2011.05.18 13:12:36.504,5.59268,5.59382,1.25,2.25
2011.05.18 13:12:38.041,5.59268,5.59382,1.25,2.63
2011.05.18 13:12:38.154,5.59268,5.59392,1.25,2.25
2011.05.18 13:12:38.481,5.59246,5.59383,1.50,2.25
2011.05.18 13:12:39.268,5.59246,5.59372,1.50,2.25
2011.05.18 13:12:39.383,5.59257,5.59413,3.00,1.50
2011.05.18 13:12:39.492,5.59293,5.59418,1.50,5.25
2011.05.18 13:12:39.822,5.59264,5.59363,1.50,2.25
2011.05.18 13:12:40.151,5.59264,5.59383,1.50,2.88
2011.05.18 13:12:40.716,5.59264,5.59383,1.50,2.25
2011.05.18 13:12:40.832,5.59264,5.59393,1.50,2.25
2011.05.18 13:12:40.943,5.59271,5.59399,1.50,1.35
2011.05.18 13:12:41.733,5.59294,5.59452,1.50,3.00
2011.05.18 13:12:41.842,5.59308,5.59422,1.50,1.35
2011.05.18 13:12:42.062,5.59278,5.59402,1.50,3.00
2011.05.18 13:12:43.080,5.59278,5.59403,1.50,2.25
2011.05.18 13:12:43.192,5.59278,5.59403,1.50,2.63
2011.05.18 13:12:43.520,5.59288,5.59402,1.50,2.63
2011.05.18 13:12:44.163,5.59292,5.59402,1.13,2.25
2011.05.18 13:12:45.492,5.593,5.59422,1.50,1.35
2011.05.18 13:12:45.602,5.5929,5.59422,1.50,1.35
2011.05.18 13:12:46.921,5.5929,5.59412,1.50,3.00
2011.05.18 13:12:48.232,5.5929,5.59422,1.50,3.60
2011.05.18 13:12:49.114,5.59301,5.59432,1.50,3.00
2011.05.18 13:12:49.625,5.59308,5.59452,1.13,3.00
2011.05.18 13:12:49.964,5.59313,5.59452,1.50,3.00
2011.05.18 13:12:50.622,5.59322,5.59453,1.50,3.00
2011.05.18 13:12:50.733,5.59322,5.59453,1.50,3.00
2011.05.18 13:12:51.284,5.59322,5.59453,1.50,3.00
2011.05.18 13:12:51.503,5.59314,5.59443,1.13,2.63
2011.05.18 13:12:52.163,5.59341,5.5946,1.50,1.35
2011.05.18 13:12:52.382,5.59331,5.59452,1.50,3.00
2011.05.18 13:12:52.822,5.59331,5.59452,1.50,3.00
2011.05.18 13:12:53.348,5.59321,5.59443,1.50,3.00
2011.05.18 13:12:53.904,5.59318,5.59452,1.50,3.00
2011.05.18 13:12:54.562,5.59318,5.59442,1.50,3.00
2011.05.18 13:12:54.673,5.59318,5.59442,1.50,3.00
2011.05.18 13:12:54.784,5.59318,5.59442,1.50,3.00
2011.05.18 13:12:55.334,5.59304,5.59443,1.50,3.00
2011.05.18 13:12:57.362,5.59314,5.59452,1.50,1.50
2011.05.18 13:12:57.806,5.59314,5.59432,1.50,3.00
2011.05.18 13:12:58.032,5.59307,5.59432,1.50,3.00
2011.05.18 13:12:59.346,5.59307,5.59432,1.50,3.00
2011.05.18 13:12:59.992,5.59311,5.59432,1.13,3.00
2011.05.18 13:13:00.212,5.59337,5.59453,1.13,2.25
2011.05.18 13:13:00.433,5.59358,5.59473,1.50,1.01
2011.05.18 13:13:00.652,5.59358,5.59463,1.50,3.00
2011.05.18 13:13:01.241,5.59349,5.59463,1.50,3.00
2011.05.18 13:13:01.352,5.59349,5.59463,1.50,3.00
2011.05.18 13:13:01.683,5.59357,5.59473,1.50,1.01
2011.05.18 13:13:02.704,5.59357,5.59473,1.50,1.01
2011.05.18 13:13:07.936,5.59357,5.59473,1.50,1.01
2011.05.18 13:13:11.202,5.59357,5.59473,1.50,1.01
2011.05.18 13:13:13.032,5.59357,5.59473,1.50,1.01
2011.05.18 13:13:13.363,5.59338,5.59453,1.50,3.00
2011.05.18 13:13:13.471,5.59338,5.59453,1.50,3.00
2011.05.18 13:13:14.910,5.59338,5.59473,1.50,3.26
2011.05.18 13:13:15.022,5.59338,5.59473,1.50,3.26
2011.05.18 13:13:15.682,5.59348,5.59475,1.50,1.01
2011.05.18 13:13:15.792,5.59348,5.59475,1.50,1.01
2011.05.18 13:13:16.993,5.59363,5.59477,1.50,1.01
2011.05.18 13:13:18.202,5.59363,5.59493,1.88,2.88
2011.05.18 13:13:18.423,5.59385,5.59512,1.13,2.63
2011.05.18 13:13:18.876,5.59401,5.59515,1.50,1.01
2011.05.18 13:13:19.202,5.59409,5.59515,1.50,1.01
2011.05.18 13:13:19.532,5.59409,5.59513,1.50,1.01
2011.05.18 13:13:19.752,5.59389,5.59513,1.50,1.01
2011.05.18 13:13:20.303,5.59389,5.59513,1.50,1.01
2011.05.18 13:13:20.413,5.59389,5.59513,1.50,1.01
2011.05.18 13:13:20.524,5.59378,5.59492,1.13,2.25
2011.05.18 13:13:20.745,5.59391,5.59513,1.50,1.01
2011.05.18 13:13:21.083,5.594,5.59513,1.50,1.01
2011.05.18 13:13:21.412,5.59389,5.59513,1.50,1.01
2011.05.18 13:13:21.851,5.59389,5.59513,1.50,1.01
2011.05.18 13:13:22.274,5.59391,5.59502,1.50,3.00
2011.05.18 13:13:23.781,5.59374,5.59503,1.50,3.00
2011.05.18 13:13:24.392,5.59374,5.59503,1.50,3.00
2011.05.18 13:13:24.501,5.59387,5.59503,1.50,3.00
2011.05.18 13:13:24.834,5.59387,5.59513,1.50,1.01
2011.05.18 13:13:25.052,5.59374,5.59513,1.50,1.01
2011.05.18 13:13:26.122,5.59374,5.59493,1.50,3.00
2011.05.18 13:13:27.532,5.59374,5.59492,1.50,3.00
2011.05.18 13:13:28.194,5.59374,5.59492,1.50,3.00
2011.05.18 13:13:28.413,5.59381,5.59513,1.50,3.00
2011.05.18 13:13:28.524,5.59384,5.59513,1.13,2.63
2011.05.18 13:13:28.632,5.59405,5.59532,1.50,3.00
2011.05.18 13:13:30.171,5.59405,5.59523,1.50,3.00
2011.05.18 13:13:31.971,5.59405,5.59523,1.50,2.25
2011.05.18 13:13:32.194,5.59427,5.59574,3.00,3.75
2011.05.18 13:13:32.303,5.59437,5.59574,3.00,3.75
2011.05.18 13:13:32.413,5.59437,5.59603,3.00,2.25
2011.05.18 13:13:32.851,5.59437,5.59603,3.00,2.25
2011.05.18 13:13:34.116,5.59457,5.59613,1.25,2.85
2011.05.18 13:13:35.922,5.59457,5.59602,1.25,2.25
2011.05.18 13:13:37.171,5.59457,5.59613,1.25,2.85
2011.05.18 13:13:37.502,5.59457,5.59602,1.25,2.25
2011.05.18 13:13:37.834,5.59448,5.59602,3.00,2.25
2011.05.18 13:13:38.272,5.59446,5.59592,1.50,2.25
2011.05.18 13:13:39.613,5.59446,5.59603,1.50,2.25
2011.05.18 13:13:41.052,5.59446,5.59592,1.50,2.25
2011.05.18 13:13:41.881,5.59446,5.59603,1.50,2.25
2011.05.18 13:13:47.342,5.59446,5.59593,1.50,2.25
2011.05.18 13:13:47.801,5.59448,5.59612,3.00,2.25
2011.05.18 13:13:47.917,5.59446,5.59603,1.50,2.25
2011.05.18 13:13:48.256,5.5946,5.59622,1.50,2.63
2011.05.18 13:13:48.375,5.5946,5.59612,1.50,2.25
2011.05.18 13:13:49.702,5.5946,5.59613,1.50,3.60
2011.05.18 13:13:49.813,5.5945,5.59592,1.50,2.25
2011.05.18 13:13:50.362,5.5945,5.59603,1.50,2.25
2011.05.18 13:13:53.041,5.5945,5.59602,1.50,2.25
2011.05.18 13:13:57.614,5.59458,5.59613,1.25,2.85
2011.05.18 13:13:58.342,5.5946,5.59602,1.50,2.25
2011.05.18 13:13:58.561,5.59458,5.59602,1.25,2.25
2011.05.18 13:14:02.443,5.59458,5.59603,1.25,3.00
2011.05.18 13:14:02.991,5.59458,5.59592,1.25,2.25
2011.05.18 13:14:03.615,5.59458,5.59583,1.25,3.00
2011.05.18 13:14:03.740,5.59417,5.59562,1.25,3.00
2011.05.18 13:14:04.294,5.59417,5.59562,1.25,3.38
2011.05.18 13:14:05.020,5.59417,5.59562,1.25,3.38
2011.05.18 13:14:05.132,5.59417,5.59553,1.25,2.25
2011.05.18 13:14:05.465,5.59393,5.59549,1.50,1.13
2011.05.18 13:14:05.583,5.59393,5.59532,1.50,3.00
2011.05.18 13:14:05.802,5.59393,5.59542,1.50,3.00
2011.05.18 13:14:07.924,5.59379,5.59552,1.50,3.00
2011.05.18 13:14:08.040,5.59379,5.59542,1.50,3.00
2011.05.18 13:14:08.593,5.59377,5.59523,1.25,1.13
2011.05.18 13:14:08.814,5.59377,5.59502,1.25,3.00
2011.05.18 13:14:09.154,5.59349,5.59483,1.50,3.00
2011.05.18 13:14:09.486,5.59338,5.59463,1.25,2.25
2011.05.18 13:14:09.604,5.59338,5.59473,1.25,3.00
2011.05.18 13:14:09.715,5.59338,5.59463,1.25,3.00
2011.05.18 13:14:09.833,5.59314,5.59452,1.25,1.50
2011.05.18 13:14:09.944,5.59298,5.59433,1.25,2.25
2011.05.18 13:14:10.164,5.59298,5.59443,1.25,1.13
2011.05.18 13:14:10.272,5.59298,5.59432,1.25,3.00
2011.05.18 13:14:10.597,5.59284,5.59422,1.50,2.25
2011.05.18 13:14:12.043,5.59284,5.59413,1.50,2.25
2011.05.18 13:14:12.372,5.59287,5.59413,1.50,2.25
2011.05.18 13:14:12.481,5.59287,5.59442,1.50,2.85
2011.05.18 13:14:13.235,5.59306,5.59452,1.50,2.85
2011.05.18 13:14:13.566,5.59306,5.59452,1.50,2.25
2011.05.18 13:14:14.134,5.59297,5.59442,1.50,2.25
2011.05.18 13:14:14.244,5.59318,5.59473,1.25,2.25
2011.05.18 13:14:14.700,5.59329,5.59472,1.50,2.25
2011.05.18 13:14:16.393,5.59338,5.59493,1.25,2.25
2011.05.18 13:14:16.505,5.59338,5.59513,1.25,1.50
2011.05.18 13:14:16.621,5.59338,5.59482,1.25,2.25
2011.05.18 13:14:17.061,5.59338,5.59503,1.25,2.25
2011.05.18 13:14:18.735,5.59341,5.59503,1.50,2.25
2011.05.18 13:14:19.062,5.59346,5.59493,1.50,3.00
2011.05.18 13:14:19.172,5.59346,5.59493,1.50,3.00
2011.05.18 13:14:19.771,5.59338,5.59492,1.25,2.25
2011.05.18 13:14:19.991,5.59338,5.59492,1.25,2.25
2011.05.18 13:14:20.322,5.59341,5.59492,1.50,3.00
2011.05.18 13:14:20.652,5.59315,5.59413,1.50,3.00
2011.05.18 13:14:20.763,5.59291,5.59393,1.50,3.00
2011.05.18 13:14:20.873,5.59291,5.59382,1.50,3.00
2011.05.18 13:14:20.982,5.59274,5.59382,1.50,3.00
2011.05.18 13:14:21.093,5.59274,5.59382,1.50,3.00
2011.05.18 13:14:21.203,5.59252,5.59371,1.50,1.35
2011.05.18 13:14:21.316,5.59252,5.59362,1.50,3.00
2011.05.18 13:14:21.433,5.59233,5.59362,1.50,3.00
2011.05.18 13:14:21.542,5.59233,5.59353,1.50,3.00
2011.05.18 13:14:22.530,5.59215,5.59333,1.50,1.50
2011.05.18 13:14:23.083,5.59215,5.59332,1.50,1.50
2011.05.18 13:14:24.240,5.59215,5.59332,1.50,1.50
2011.05.18 13:14:24.462,5.59215,5.59317,1.50,1.13
2011.05.18 13:14:24.912,5.59215,5.59315,1.50,1.13
2011.05.18 13:14:25.022,5.59215,5.59322,1.50,1.50
2011.05.18 13:14:25.683,5.59215,5.59332,1.50,1.50
2011.05.18 13:14:26.451,5.59222,5.59332,1.50,1.50
2011.05.18 13:14:26.891,5.59222,5.59333,1.50,1.50
2011.05.18 13:14:27.112,5.59222,5.59323,1.50,3.00
2011.05.18 13:14:27.882,5.59212,5.59343,1.50,3.75
2011.05.18 13:14:29.232,5.59212,5.59342,1.50,1.50
2011.05.18 13:14:29.453,5.59225,5.59342,1.50,1.50
2011.05.18 13:14:30.003,5.59226,5.59352,1.50,1.01
2011.05.18 13:14:31.340,5.59237,5.59352,1.50,1.01
2011.05.18 13:14:33.712,5.59237,5.59362,1.50,1.50
2011.05.18 13:14:33.935,5.59238,5.59342,1.50,1.50
2011.05.18 13:14:34.053,5.59238,5.59352,1.50,1.50
2011.05.18 13:14:34.273,5.59238,5.59322,1.50,1.50
2011.05.18 13:14:34.383,5.59238,5.59332,1.50,1.01
2011.05.18 13:14:34.822,5.59215,5.59343,1.50,1.50
2011.05.18 13:14:35.882,5.59235,5.59352,1.50,3.75
2011.05.18 13:14:36.430,5.59248,5.59362,1.50,1.50
2011.05.18 13:14:36.541,5.59248,5.59362,1.50,1.50
2011.05.18 13:14:38.654,5.59248,5.59362,1.50,3.75
2011.05.18 13:14:39.603,5.59248,5.59333,1.50,1.50
2011.05.18 13:14:39.822,5.59216,5.59332,1.50,1.01
2011.05.18 13:14:40.701,5.59216,5.59323,1.50,3.75
2011.05.18 13:14:41.514,5.59206,5.59323,1.50,3.75
2011.05.18 13:14:41.904,5.59206,5.59323,1.50,3.75
2011.05.18 13:14:44.215,5.59206,5.59312,1.50,3.00
2011.05.18 13:14:44.574,5.59193,5.59313,1.50,1.50
2011.05.18 13:14:45.015,5.59193,5.59303,1.50,3.00
2011.05.18 13:14:45.244,5.59184,5.59292,1.50,3.00
2011.05.18 13:14:46.232,5.5917,5.59282,1.50,1.50
2011.05.18 13:14:47.712,5.5917,5.59282,1.50,3.75
2011.05.18 13:14:48.981,5.5917,5.59282,1.50,3.75
2011.05.18 13:14:49.686,5.5917,5.59282,1.50,3.75
2011.05.18 13:14:50.354,5.59174,5.59284,1.13,1.13
2011.05.18 13:14:50.465,5.59174,5.59292,1.13,3.00
2011.05.18 13:14:52.251,5.59186,5.59293,1.50,1.50
2011.05.18 13:14:53.023,5.59194,5.59312,1.50,1.76
2011.05.18 13:14:53.353,5.59194,5.59303,1.50,1.50
2011.05.18 13:14:53.463,5.59194,5.59302,1.50,3.00
2011.05.18 13:14:53.807,5.59183,5.59312,1.50,1.01
2011.05.18 13:14:53.928,5.59183,5.59302,1.50,1.50
2011.05.18 13:14:55.221,5.59183,5.59292,1.50,1.50
2011.05.18 13:14:55.814,5.59183,5.59281,1.50,1.13
2011.05.18 13:14:56.145,5.59171,5.59272,1.50,1.50
2011.05.18 13:14:56.267,5.59141,5.59243,1.50,1.50
2011.05.18 13:14:57.153,5.5913,5.59242,1.50,1.50
2011.05.18 13:14:57.482,5.59121,5.59232,1.50,1.50
2011.05.18 13:14:57.592,5.59121,5.59232,1.50,1.50
2011.05.18 13:14:57.704,5.59122,5.59242,1.13,1.50
2011.05.18 13:14:58.305,5.59131,5.59252,1.50,1.50
2011.05.18 13:14:59.112,5.59136,5.59252,1.13,1.50
2011.05.18 13:14:59.222,5.59136,5.59263,1.13,3.75
2011.05.18 13:14:59.332,5.59151,5.59263,1.13,1.13
2011.05.18 13:14:59.443,5.59163,5.59282,1.13,1.50
2011.05.18 13:14:59.555,5.59168,5.59292,1.50,4.01
2011.05.18 13:14:59.892,5.59172,5.59292,1.50,1.50
2011.05.18 13:15:00.978,5.59172,5.59292,1.50,1.50
2011.05.18 13:15:01.644,5.59172,5.59276,1.50,1.35
2011.05.18 13:15:01.863,5.59139,5.59242,1.50,1.50
2011.05.18 13:15:02.084,5.59129,5.59213,1.50,1.50
2011.05.18 13:15:02.382,5.59106,5.59213,1.50,1.50
2011.05.18 13:15:03.273,5.59106,5.59232,1.50,1.50
2011.05.18 13:15:03.601,5.59115,5.59232,1.50,1.50
2011.05.18 13:15:04.233,5.59115,5.59232,1.50,1.50
2011.05.18 13:15:04.341,5.59119,5.59232,1.13,1.13
2011.05.18 13:15:04.673,5.59124,5.59253,1.50,1.50
2011.05.18 13:15:06.161,5.59124,5.59252,1.50,1.50
2011.05.18 13:15:06.382,5.59124,5.59233,1.50,1.50
2011.05.18 13:15:06.844,5.59118,5.59243,1.13,1.50
2011.05.18 13:15:07.063,5.59126,5.59243,1.50,1.50
2011.05.18 13:15:07.392,5.5911,5.59223,1.50,1.50
2011.05.18 13:15:08.121,5.59123,5.59242,1.13,3.00
2011.05.18 13:15:08.232,5.59147,5.59284,2.25,4.01
2011.05.18 13:15:08.453,5.59147,5.59323,3.00,2.74
2011.05.18 13:15:08.562,5.59152,5.59323,1.50,2.51
2011.05.18 13:15:09.224,5.59168,5.59342,3.00,2.51
2011.05.18 13:15:10.103,5.59147,5.59313,1.50,2.51
2011.05.18 13:15:10.615,5.59147,5.59313,1.50,2.51
2011.05.18 13:15:10.738,5.59173,5.59352,1.50,3.11
2011.05.18 13:15:13.705,5.59157,5.59333,3.00,2.51
2011.05.18 13:15:14.372,5.59167,5.59343,3.00,2.51
2011.05.18 13:15:15.103,5.59156,5.59342,1.50,1.01
2011.05.18 13:15:16.312,5.59145,5.59342,1.50,3.63
2011.05.18 13:15:17.793,5.5916,5.59342,1.50,2.88
2011.05.18 13:15:18.013,5.59148,5.59312,1.50,2.51
2011.05.18 13:15:19.002,5.59168,5.59333,3.00,1.01
2011.05.18 13:15:19.606,5.59143,5.59303,1.50,2.51
2011.05.18 13:15:20.563,5.59127,5.59301,3.00,1.13
2011.05.18 13:15:20.892,5.59092,5.59253,1.50,2.51
2011.05.18 13:15:21.005,5.59098,5.5929,3.00,1.09
2011.05.18 13:15:21.232,5.59108,5.59272,1.50,2.51
2011.05.18 13:15:21.671,5.59119,5.59303,1.50,3.11
2011.05.18 13:15:22.115,5.59106,5.59273,1.50,2.51
2011.05.18 13:15:23.593,5.59128,5.59292,3.00,1.61
2011.05.18 13:15:23.812,5.59102,5.59272,1.50,2.51
2011.05.18 13:15:27.651,5.59102,5.59262,1.50,2.25
2011.05.18 13:15:27.761,5.59097,5.59262,1.50,2.25
2011.05.18 13:15:28.312,5.59097,5.59242,1.50,2.25
2011.05.18 13:15:28.423,5.59097,5.59273,3.00,2.51
2011.05.18 13:15:28.533,5.59097,5.59263,3.00,1.01
2011.05.18 13:15:28.862,5.59071,5.59233,1.50,2.51
2011.05.18 13:15:29.301,5.59063,5.59233,1.50,2.51
2011.05.18 13:15:32.574,5.59063,5.59222,1.50,2.25
2011.05.18 13:15:33.882,5.59063,5.59222,1.50,2.25
2011.05.18 13:15:34.433,5.59071,5.59223,1.50,2.51
2011.05.18 13:15:35.204,5.59071,5.59252,1.50,2.51
2011.05.18 13:15:35.649,5.59094,5.59252,1.50,2.51
2011.05.18 13:15:38.363,5.59082,5.59252,1.50,2.51
2011.05.18 13:15:38.963,5.59072,5.59263,1.50,3.11
2011.05.18 13:15:39.403,5.59096,5.59262,1.50,6.86
2011.05.18 13:15:40.145,5.59083,5.59252,1.50,2.51
2011.05.18 13:15:46.065,5.59076,5.59242,1.50,2.51
2011.05.18 13:15:48.132,5.59081,5.59233,1.50,2.51
2011.05.18 13:15:48.352,5.59081,5.59223,1.50,2.51
2011.05.18 13:15:48.570,5.59065,5.59223,1.50,2.51
2011.05.18 13:15:50.044,5.59065,5.59222,1.50,2.25
2011.05.18 13:15:51.981,5.59065,5.59213,1.50,2.25
2011.05.18 13:15:52.572,5.59065,5.59212,1.50,2.25
2011.05.18 13:15:52.903,5.59065,5.59223,1.50,2.51
2011.05.18 13:15:53.343,5.59071,5.59252,1.50,2.51
2011.05.18 13:15:55.306,5.59081,5.59223,1.50,2.51
2011.05.18 13:15:56.162,5.59069,5.59222,1.50,2.25
2011.05.18 13:15:56.821,5.59069,5.59212,1.50,2.25
2011.05.18 13:15:56.932,5.59069,5.59213,1.50,2.25
2011.05.18 13:15:57.811,5.59063,5.59202,1.50,2.25
2011.05.18 13:15:58.142,5.59063,5.59202,1.50,2.51
2011.05.18 13:15:58.773,5.59063,5.59202,1.50,2.51
2011.05.18 13:16:09.122,5.59055,5.59233,1.50,2.51
2011.05.18 13:16:11.163,5.59092,5.59233,1.50,2.51
2011.05.18 13:16:11.272,5.59092,5.59249,1.50,1.01
2011.05.18 13:16:11.493,5.59084,5.59262,1.50,6.26
2011.05.18 13:16:11.603,5.59084,5.59262,1.50,2.51
2011.05.18 13:16:12.151,5.59094,5.59263,1.50,2.51
2011.05.18 13:16:13.141,5.59095,5.59262,1.50,2.51
2011.05.18 13:16:14.061,5.59109,5.59273,1.50,2.51
2011.05.18 13:16:15.142,5.59097,5.59252,2.25,1.01
2011.05.18 13:16:15.472,5.59073,5.59213,1.50,2.25
2011.05.18 13:16:15.583,5.5905,5.59213,1.50,2.51
2011.05.18 13:16:16.352,5.59074,5.59223,1.50,2.51
2011.05.18 13:16:16.575,5.591,5.59267,1.50,1.01
2011.05.18 13:16:20.953,5.5908,5.59252,1.50,2.51
2011.05.18 13:16:22.712,5.59087,5.59272,1.50,2.51
2011.05.18 13:16:25.971,5.59094,5.59262,1.50,2.51
2011.05.18 13:16:27.281,5.59102,5.59272,1.50,2.51
2011.05.18 13:16:30.403,5.59102,5.5928,1.88,1.01
2011.05.18 13:16:30.994,5.59111,5.59292,1.50,2.51
2011.05.18 13:16:31.213,5.59132,5.59291,1.50,1.01
2011.05.18 13:16:31.322,5.59132,5.59302,1.50,2.51
2011.05.18 13:16:32.694,5.59121,5.59303,1.50,3.26
2011.05.18 13:16:33.132,5.59136,5.59303,1.50,2.51
2011.05.18 13:16:36.846,5.59143,5.59303,1.50,2.51
2011.05.18 13:16:37.405,5.59143,5.59303,1.50,2.51
2011.05.18 13:16:41.654,5.59142,5.59303,1.50,2.51
2011.05.18 13:16:42.200,5.59152,5.59311,1.50,1.01
2011.05.18 13:16:42.523,5.59152,5.59311,1.50,1.01
2011.05.18 13:16:42.854,5.59168,5.59332,1.50,2.51
2011.05.18 13:16:43.071,5.59185,5.59343,1.50,2.51
2011.05.18 13:16:44.705,5.59185,5.59353,1.50,3.11
2011.05.18 13:16:45.023,5.59193,5.59357,1.50,1.01
2011.05.18 13:16:45.141,5.59193,5.59372,1.50,2.51
2011.05.18 13:16:45.584,5.59214,5.59376,1.50,1.01
2011.05.18 13:16:49.695,5.59231,5.59393,1.50,2.51
2011.05.18 13:16:49.815,5.59261,5.59393,1.50,2.25
2011.05.18 13:16:49.936,5.59261,5.59415,1.50,1.01
2011.05.18 13:16:50.384,5.59272,5.59415,1.50,1.01
2011.05.18 13:16:50.752,5.59272,5.59402,1.50,1.01
2011.05.18 13:16:50.972,5.59252,5.59362,1.50,3.00
2011.05.18 13:16:51.212,5.59252,5.59362,1.50,3.00
2011.05.18 13:16:51.675,5.59239,5.59362,1.50,3.00
2011.05.18 13:16:52.622,5.59239,5.59362,1.50,3.00
2011.05.18 13:16:52.952,5.59209,5.59323,1.50,3.00
2011.05.18 13:16:55.491,5.59209,5.59323,1.50,3.00
2011.05.18 13:16:56.066,5.59209,5.59323,1.50,2.63
2011.05.18 13:16:58.232,5.59209,5.59323,1.50,2.63
2011.05.18 13:17:02.226,5.59209,5.59343,1.50,3.00
2011.05.18 13:17:02.561,5.59221,5.59343,1.50,3.00
2011.05.18 13:17:03.225,5.59221,5.59322,1.50,1.50
2011.05.18 13:17:03.565,5.59194,5.59312,1.50,3.00
2011.05.18 13:17:03.684,5.59194,5.59312,1.50,3.00
2011.05.18 13:17:05.004,5.59194,5.59312,1.50,3.75
2011.05.18 13:17:05.333,5.59194,5.59283,1.50,2.25
2011.05.18 13:17:05.446,5.59194,5.59283,1.50,2.25
2011.05.18 13:17:05.672,5.59187,5.59283,1.50,2.25
2011.05.18 13:17:06.151,5.59173,5.59293,1.50,3.00
2011.05.18 13:17:07.104,5.59173,5.59282,1.50,2.63
2011.05.18 13:17:08.301,5.59173,5.59282,1.50,2.63
2011.05.18 13:17:11.752,5.59173,5.59282,1.50,1.13
2011.05.18 13:17:11.862,5.59156,5.59266,1.50,1.35
2011.05.18 13:17:11.972,5.59134,5.59243,1.50,2.25
2011.05.18 13:17:12.082,5.59134,5.59252,1.50,2.25
2011.05.18 13:17:12.411,5.59134,5.59263,1.50,2.25
2011.05.18 13:17:13.612,5.59134,5.59263,1.50,3.00
2011.05.18 13:17:13.941,5.59134,5.59252,1.50,2.25
2011.05.18 13:17:16.272,5.59134,5.59252,1.50,2.25
2011.05.18 13:17:16.491,5.59143,5.59262,1.50,2.25
2011.05.18 13:17:16.602,5.59142,5.59273,1.50,2.88
2011.05.18 13:17:17.130,5.59142,5.59273,1.50,2.88
2011.05.18 13:17:17.531,5.59151,5.59273,1.50,2.51
2011.05.18 13:17:19.104,5.59151,5.59272,1.50,1.01
2011.05.18 13:17:19.324,5.59138,5.59242,1.50,2.25
2011.05.18 13:17:19.431,5.59138,5.59263,1.50,3.00
2011.05.18 13:17:19.543,5.5913,5.59275,1.50,1.01
2011.05.18 13:17:19.652,5.59161,5.59275,1.50,1.01
2011.05.18 13:17:23.824,5.59161,5.59282,1.50,3.00
2011.05.18 13:17:24.151,5.59161,5.59262,1.50,2.25
2011.05.18 13:17:26.803,5.59161,5.59262,1.50,3.00
2011.05.18 13:17:27.119,5.59137,5.59262,1.50,3.00
2011.05.18 13:17:27.244,5.59137,5.59252,1.50,2.25
2011.05.18 13:17:27.814,5.59137,5.59263,1.50,2.63
2011.05.18 13:17:27.921,5.59149,5.59273,1.50,3.26
2011.05.18 13:17:28.782,5.59154,5.59273,1.35,2.51
2011.05.18 13:17:29.001,5.59173,5.59323,1.50,2.51
2011.05.18 13:17:29.331,5.59186,5.59323,1.50,2.51
2011.05.18 13:17:31.801,5.59196,5.59322,1.50,2.51
2011.05.18 13:17:32.132,5.59214,5.59342,1.50,2.51
2011.05.18 13:17:37.044,5.59188,5.59313,1.50,3.26
2011.05.18 13:17:37.442,5.59181,5.59292,1.50,2.51
2011.05.18 13:17:39.600,5.59193,5.59313,1.50,2.25
2011.05.18 13:17:40.501,5.59185,5.59302,1.50,2.25
2011.05.18 13:17:40.831,5.59185,5.59293,1.50,2.25
2011.05.18 13:17:42.592,5.59185,5.59292,1.50,2.25
2011.05.18 13:17:43.941,5.59185,5.59303,1.50,2.25
2011.05.18 13:17:47.822,5.59185,5.59342,1.50,2.51
2011.05.18 13:17:48.042,5.59197,5.59332,1.25,2.25
2011.05.18 13:17:48.593,5.59199,5.59324,1.50,1.13
2011.05.18 13:17:48.813,5.59189,5.59313,1.25,2.85
2011.05.18 13:17:48.922,5.59189,5.59292,1.25,2.25
2011.05.18 13:17:49.251,5.59189,5.59282,1.25,2.25
2011.05.18 13:17:50.163,5.59157,5.59282,1.25,2.25
2011.05.18 13:17:52.661,5.59157,5.59282,1.25,3.00
2011.05.18 13:17:53.762,5.59154,5.59242,1.50,3.00
2011.05.18 13:17:54.092,5.5912,5.59223,1.50,2.25
2011.05.18 13:17:54.753,5.59108,5.59223,1.50,3.00
2011.05.18 13:17:55.192,5.59094,5.59203,1.50,2.25
2011.05.18 13:17:55.302,5.59094,5.59213,1.50,3.38
2011.05.18 13:17:55.521,5.59094,5.5921,1.50,1.13
2011.05.18 13:17:56.002,5.59097,5.59262,3.00,1.76
2011.05.18 13:17:56.112,5.59094,5.59253,1.50,3.00
2011.05.18 13:17:56.223,5.59129,5.59242,1.50,2.25
2011.05.18 13:17:56.553,5.59121,5.59223,1.50,2.25
2011.05.18 13:17:57.010,5.59105,5.59223,1.50,2.25
2011.05.18 13:17:57.355,5.59082,5.59192,1.50,2.25
2011.05.18 13:17:57.804,5.59073,5.59192,1.50,2.25
2011.05.18 13:17:58.024,5.59073,5.59183,1.50,2.25
2011.05.18 13:17:59.291,5.5904,5.59153,1.50,1.35
2011.05.18 13:17:59.403,5.5904,5.59123,1.50,3.00
2011.05.18 13:17:59.733,5.5904,5.59123,1.50,3.00
2011.05.18 13:17:59.843,5.59037,5.59123,1.50,3.00
2011.05.18 13:17:59.952,5.59013,5.59112,1.50,3.00
2011.05.18 13:18:00.282,5.59013,5.59112,1.50,3.00
2011.05.18 13:18:01.053,5.59,5.59112,1.50,3.00
2011.05.18 13:18:03.646,5.59,5.59103,1.50,3.00
2011.05.18 13:18:04.559,5.59,5.59092,1.50,1.50
2011.05.18 13:18:06.252,5.59,5.59103,1.50,1.50
2011.05.18 13:18:06.471,5.59,5.59092,1.50,3.00
2011.05.18 13:18:07.763,5.58999,5.59103,1.35,2.25
2011.05.18 13:18:07.983,5.59017,5.59152,1.50,2.25
2011.05.18 13:18:08.642,5.59028,5.59152,1.50,2.25
2011.05.18 13:18:10.122,5.59028,5.59143,1.50,2.51
2011.05.18 13:18:11.993,5.59036,5.59161,1.50,1.01
2011.05.18 13:18:12.456,5.59026,5.59153,1.50,3.26
2011.05.18 13:18:14.823,5.59026,5.59123,1.50,2.51
2011.05.18 13:18:14.932,5.59024,5.59123,1.50,3.26
2011.05.18 13:18:15.042,5.59002,5.59113,1.50,2.51
2011.05.18 13:18:15.948,5.59002,5.59112,1.50,2.51
2011.05.18 13:18:17.974,5.58995,5.59113,1.50,2.51
2011.05.18 13:18:18.522,5.58991,5.59112,1.50,2.51
2011.05.18 13:18:21.206,5.58998,5.59123,1.50,1.01
2011.05.18 13:18:21.761,5.59011,5.59132,1.50,1.01
2011.05.18 13:18:23.013,5.59017,5.59133,1.50,1.01
2011.05.18 13:18:23.234,5.58982,5.59082,1.50,3.26
2011.05.18 13:18:23.343,5.58982,5.59082,1.50,3.26
2011.05.18 13:18:23.454,5.5897,5.59072,1.50,3.00
2011.05.18 13:18:24.242,5.5897,5.59072,1.50,3.00
2011.05.18 13:18:24.682,5.5897,5.59082,1.50,3.26
2011.05.18 13:18:24.792,5.5897,5.59082,1.50,3.26
2011.05.18 13:18:27.621,5.58955,5.59063,1.50,2.63
2011.05.18 13:18:28.038,5.58965,5.59082,1.50,3.26
2011.05.18 13:18:30.035,5.58965,5.59082,1.50,1.01
2011.05.18 13:18:30.152,5.58965,5.59072,1.50,1.50
2011.05.18 13:18:30.263,5.58957,5.59072,1.50,2.25
2011.05.18 13:18:30.372,5.58958,5.59132,3.00,3.00
2011.05.18 13:18:30.483,5.58993,5.59122,1.50,3.00
2011.05.18 13:18:30.702,5.58993,5.59113,1.50,2.25
2011.05.18 13:18:31.471,5.58993,5.59112,1.50,2.25
2011.05.18 13:18:34.712,5.58999,5.59122,1.50,2.25
2011.05.18 13:18:35.484,5.59006,5.59122,1.50,2.25
2011.05.18 13:18:36.863,5.59006,5.59133,1.50,2.88
2011.05.18 13:18:37.193,5.59006,5.59133,1.50,3.26
2011.05.18 13:18:37.411,5.58996,5.59113,1.50,2.25
2011.05.18 13:18:37.851,5.58996,5.59123,1.50,3.00
2011.05.18 13:18:38.072,5.58996,5.59112,1.50,2.25
2011.05.18 13:18:38.732,5.58996,5.59122,1.50,2.25
2011.05.18 13:18:39.362,5.58996,5.59113,1.50,2.25
2011.05.18 13:18:39.472,5.58996,5.59122,1.50,2.25
2011.05.18 13:18:40.023,5.58996,5.59123,1.50,2.25
2011.05.18 13:18:40.243,5.58996,5.59112,1.50,2.25
2011.05.18 13:18:40.462,5.58996,5.59122,1.50,2.25
2011.05.18 13:18:41.284,5.58996,5.59132,1.50,2.63
2011.05.18 13:18:41.393,5.58996,5.59132,1.50,2.63
2011.05.18 13:18:41.832,5.59007,5.59133,1.50,3.00
2011.05.18 13:18:42.503,5.59013,5.59133,1.50,2.25
2011.05.18 13:18:43.092,5.59013,5.59132,1.50,2.25
2011.05.18 13:18:43.201,5.59013,5.59143,1.50,2.63
2011.05.18 13:18:43.531,5.59013,5.59133,1.50,2.25
2011.05.18 13:18:44.082,5.59013,5.59153,1.50,3.00
2011.05.18 13:18:44.302,5.59023,5.59153,1.50,3.00
2011.05.18 13:18:44.851,5.59023,5.59153,1.50,2.63
2011.05.18 13:18:45.843,5.59023,5.59142,1.50,2.25
2011.05.18 13:18:46.062,5.59023,5.59152,1.50,2.63
2011.05.18 13:18:46.767,5.59035,5.59162,1.50,3.00
2011.05.18 13:18:46.888,5.59051,5.59174,1.50,1.13
2011.05.18 13:18:48.042,5.59051,5.59173,1.50,1.13
2011.05.18 13:18:48.374,5.59051,5.59143,1.50,2.63
2011.05.18 13:18:48.483,5.59022,5.59142,1.50,3.38
2011.05.18 13:18:48.703,5.59015,5.59133,1.50,3.00
2011.05.18 13:18:49.832,5.59015,5.59133,1.50,2.63
2011.05.18 13:18:50.051,5.59008,5.59133,1.50,2.63
2011.05.18 13:18:50.272,5.59008,5.59122,1.50,2.25
2011.05.18 13:18:50.822,5.59008,5.59123,1.50,2.25
2011.05.18 13:18:52.225,5.59009,5.59123,1.50,2.63
2011.05.18 13:18:53.211,5.59001,5.59123,1.50,2.63
2011.05.18 13:18:53.613,5.59001,5.59123,1.50,2.63
2011.05.18 13:18:54.051,5.59001,5.59112,1.50,2.25
2011.05.18 13:19:00.225,5.59001,5.59133,1.50,2.63
2011.05.18 13:19:00.452,5.5901,5.59133,1.50,2.63
2011.05.18 13:19:00.674,5.5901,5.59152,1.50,3.00
2011.05.18 13:19:00.783,5.5901,5.59152,1.50,2.25
2011.05.18 13:19:01.003,5.5901,5.59152,1.50,2.25
2011.05.18 13:19:01.661,5.59021,5.59143,1.50,2.25
2011.05.18 13:19:02.774,5.59021,5.59168,1.50,1.35
2011.05.18 13:19:02.888,5.59049,5.59183,1.50,3.00
2011.05.18 13:19:03.227,5.59026,5.59164,1.50,1.73
2011.05.18 13:19:03.453,5.59007,5.59149,3.00,1.13
2011.05.18 13:19:03.566,5.59007,5.59116,3.00,1.35
2011.05.18 13:19:03.903,5.59003,5.59116,1.50,1.35
2011.05.18 13:19:04.122,5.5898,5.59093,1.50,2.25
2011.05.18 13:19:04.231,5.5898,5.59102,1.50,2.25
2011.05.18 13:19:04.672,5.59004,5.59102,1.50,2.25
2011.05.18 13:19:05.005,5.59057,5.59173,1.50,1.13
2011.05.18 13:19:05.123,5.59057,5.59175,1.50,1.13
2011.05.18 13:19:05.236,5.59057,5.59182,1.50,2.10
2011.05.18 13:19:05.353,5.59057,5.59172,1.50,2.25
2011.05.18 13:19:06.875,5.59071,5.59172,1.50,2.25
2011.05.18 13:19:06.994,5.59071,5.59202,1.50,3.00
2011.05.18 13:19:07.106,5.59071,5.59192,1.50,2.25
2011.05.18 13:19:07.333,5.59093,5.59203,1.50,2.25
2011.05.18 13:19:07.443,5.59093,5.59203,1.50,2.25
2011.05.18 13:19:07.553,5.59093,5.59213,1.50,3.00
2011.05.18 13:19:07.882,5.59093,5.59212,1.50,3.00
2011.05.18 13:19:09.685,5.59093,5.59212,1.50,2.25
2011.05.18 13:19:09.791,5.59093,5.59212,1.50,3.00
2011.05.18 13:19:10.242,5.59093,5.59212,1.50,2.25
2011.05.18 13:19:10.793,5.59093,5.59213,1.50,2.25
2011.05.18 13:19:11.238,5.59107,5.59263,1.50,3.00
2011.05.18 13:19:11.356,5.59107,5.59263,1.50,3.00
2011.05.18 13:19:11.473,5.59126,5.59262,1.50,3.00
2011.05.18 13:19:11.803,5.59126,5.59262,1.50,3.00
2011.05.18 13:19:12.023,5.59127,5.59262,1.50,3.00
2011.05.18 13:19:12.572,5.59127,5.59262,1.50,3.75
2011.05.18 13:19:12.685,5.59127,5.59249,1.50,1.13
2011.05.18 13:19:12.902,5.59115,5.59233,1.50,2.25
2011.05.18 13:19:13.236,5.59115,5.59252,1.50,3.00
2011.05.18 13:19:13.647,5.59122,5.59252,1.50,3.00
2011.05.18 13:19:14.028,5.59122,5.59252,1.50,3.00
2011.05.18 13:19:14.472,5.59122,5.59242,1.50,2.25
2011.05.18 13:19:16.053,5.59122,5.59233,1.50,2.25
2011.05.18 13:19:16.381,5.59101,5.59222,1.50,2.25
2011.05.18 13:19:19.163,5.59101,5.59212,1.50,2.25
2011.05.18 13:19:19.636,5.59111,5.59212,1.50,2.25
2011.05.18 13:19:19.865,5.59101,5.59232,1.50,1.13
2011.05.18 13:19:20.167,5.59101,5.59213,1.50,2.25
2011.05.18 13:19:20.288,5.59101,5.59232,1.50,1.13
2011.05.18 13:19:20.846,5.59101,5.59233,1.50,2.63
2011.05.18 13:19:20.966,5.59101,5.59232,1.50,1.13
2011.05.18 13:19:22.231,5.59101,5.59222,1.50,2.25
2011.05.18 13:19:23.135,5.59111,5.59222,1.50,2.25
2011.05.18 13:19:23.255,5.59099,5.59222,1.50,2.25
2011.05.18 13:19:23.482,5.59099,5.59231,1.50,1.13
2011.05.18 13:19:23.812,5.59099,5.59222,1.50,2.25
2011.05.18 13:19:24.253,5.59105,5.59222,1.50,2.25
2011.05.18 13:19:24.744,5.59105,5.59233,1.50,2.25
2011.05.18 13:19:24.858,5.59105,5.59153,1.50,3.00
2011.05.18 13:19:24.979,5.59105,5.59153,1.50,2.25
2011.05.18 13:19:25.095,5.59098,5.59153,1.13,2.25
2011.05.18 13:19:25.216,5.59089,5.59202,1.13,2.25
2011.05.18 13:19:25.333,5.59089,5.59212,1.13,2.51
2011.05.18 13:19:25.664,5.59108,5.59213,1.13,2.25
2011.05.18 13:19:25.894,5.59128,5.59241,1.50,1.01
2011.05.18 13:19:26.113,5.59095,5.59192,1.50,2.63
2011.05.18 13:19:26.443,5.59109,5.59192,1.13,2.25
2011.05.18 13:19:26.553,5.59127,5.59192,1.50,2.25
2011.05.18 13:19:26.662,5.59127,5.59239,1.50,1.50
2011.05.18 13:19:26.773,5.59123,5.59213,1.50,3.00
2011.05.18 13:19:26.991,5.591,5.59212,1.50,1.50
2011.05.18 13:19:27.213,5.59125,5.59223,1.50,1.01
2011.05.18 13:19:27.544,5.5909,5.59183,1.50,1.50
2011.05.18 13:19:27.653,5.5909,5.59183,1.50,1.50
2011.05.18 13:19:28.094,5.59069,5.59162,1.50,2.25
2011.05.18 13:19:28.532,5.59085,5.59192,1.50,1.01
2011.05.18 13:19:28.642,5.59085,5.59203,1.50,2.25
2011.05.18 13:19:30.239,5.59085,5.59203,1.50,3.00
2011.05.18 13:19:30.365,5.59073,5.59192,1.50,3.00
2011.05.18 13:19:32.152,5.59087,5.59192,1.13,2.25
2011.05.18 13:19:32.373,5.59096,5.59192,1.50,2.25
2011.05.18 13:19:32.485,5.59107,5.59242,1.50,2.51
2011.05.18 13:19:32.605,5.59121,5.59242,1.13,2.51
2011.05.18 13:19:33.339,5.59124,5.59242,1.50,2.51
2011.05.18 13:19:34.004,5.59107,5.59222,1.50,2.25
2011.05.18 13:19:34.332,5.59107,5.59222,1.50,2.25
2011.05.18 13:19:37.715,5.59107,5.59233,1.50,2.51
2011.05.18 13:19:37.839,5.59135,5.59233,1.50,2.51
2011.05.18 13:19:38.174,5.59135,5.59243,1.50,2.25
2011.05.18 13:19:38.283,5.59135,5.59263,1.50,3.00
2011.05.18 13:19:38.832,5.59135,5.59262,1.50,2.25
2011.05.18 13:19:38.944,5.59135,5.59252,1.50,2.25
2011.05.18 13:19:39.163,5.59144,5.59263,1.50,3.00
2011.05.18 13:19:39.272,5.59144,5.59273,1.50,3.86
2011.05.18 13:19:39.495,5.59144,5.59273,1.50,3.86
2011.05.18 13:19:39.943,5.59154,5.59273,1.50,3.86
2011.05.18 13:19:40.164,5.59154,5.59273,1.50,3.11
2011.05.18 13:19:40.827,5.59154,5.59273,1.50,3.86
2011.05.18 13:19:41.375,5.59154,5.59273,1.50,3.11
2011.05.18 13:19:41.596,5.59147,5.59262,1.50,2.25
2011.05.18 13:19:41.714,5.59147,5.59262,1.50,2.63
2011.05.18 13:19:41.824,5.5912,5.59242,1.50,2.25
2011.05.18 13:19:42.342,5.5912,5.59243,1.50,2.25
2011.05.18 13:19:44.272,5.5912,5.59232,1.50,2.25
2011.05.18 13:19:45.341,5.5912,5.59232,1.50,3.00
2011.05.18 13:19:45.783,5.59077,5.59193,1.13,3.00
2011.05.18 13:19:46.003,5.59077,5.59193,1.13,3.00
2011.05.18 13:19:47.593,5.59076,5.59193,1.50,3.00
2011.05.18 13:19:49.668,5.59083,5.59193,1.13,2.63
2011.05.18 13:19:50.115,5.59084,5.59212,1.50,1.50
2011.05.18 13:19:51.988,5.59084,5.59213,1.88,3.00
2011.05.18 13:19:54.124,5.59094,5.59213,1.50,3.00
2011.05.18 13:19:56.222,5.59108,5.59222,1.13,3.23
2011.05.18 13:19:56.442,5.59108,5.59225,1.88,1.35
2011.05.18 13:19:58.292,5.59108,5.59232,1.88,1.01
2011.05.18 13:20:00.324,5.59108,5.59232,1.50,1.01
2011.05.18 13:20:03.111,5.59108,5.59212,1.50,2.25
2011.05.18 13:20:03.959,5.59108,5.59223,1.50,3.00
2011.05.18 13:20:04.293,5.59108,5.59212,1.50,2.25
2011.05.18 13:20:05.306,5.59107,5.59223,1.50,3.00
2011.05.18 13:20:05.801,5.59107,5.59212,1.50,2.25
2011.05.18 13:20:06.132,5.5907,5.59182,1.50,3.00
2011.05.18 13:20:06.681,5.59069,5.59182,1.50,3.00
2011.05.18 13:20:07.095,5.59091,5.59182,1.13,2.25
2011.05.18 13:20:07.324,5.59074,5.59203,1.50,1.50
2011.05.18 13:20:07.814,5.59077,5.59182,1.13,2.25
2011.05.18 13:20:07.928,5.59077,5.59202,1.13,3.00
2011.05.18 13:20:08.782,5.59083,5.59202,1.50,3.00
2011.05.18 13:20:10.692,5.59083,5.59202,1.50,3.00
2011.05.18 13:20:10.804,5.59067,5.59202,1.50,3.00
2011.05.18 13:20:11.024,5.59067,5.59192,1.50,2.25
2011.05.18 13:20:11.135,5.59067,5.59231,1.50,4.76
2011.05.18 13:20:11.253,5.59135,5.59243,1.13,2.25
2011.05.18 13:20:11.364,5.59123,5.59262,1.13,1.35
2011.05.18 13:20:11.474,5.59132,5.59253,1.50,2.63
2011.05.18 13:20:11.912,5.5914,5.59252,1.13,2.25
2011.05.18 13:20:12.023,5.5914,5.59272,1.13,3.00
2011.05.18 13:20:12.134,5.59153,5.59272,1.50,3.00
2011.05.18 13:20:12.462,5.59153,5.59263,1.50,2.25
2011.05.18 13:20:12.921,5.59153,5.59282,1.50,3.75
2011.05.18 13:20:16.005,5.59153,5.59262,1.50,2.25
2011.05.18 13:20:16.442,5.59153,5.59272,1.50,3.00
2011.05.18 13:20:18.571,5.59153,5.59272,1.50,2.63
2011.05.18 13:20:19.162,5.59176,5.59272,1.50,2.63
2011.05.18 13:20:19.492,5.59184,5.59263,1.50,2.25
2011.05.18 13:20:19.712,5.59158,5.59263,1.50,2.25
2011.05.18 13:20:20.313,5.59158,5.59262,1.50,2.25
2011.05.18 13:20:20.427,5.59128,5.59256,1.50,1.35
2011.05.18 13:20:20.544,5.59128,5.59233,1.50,2.63
2011.05.18 13:20:20.655,5.59128,5.59222,1.50,2.25
2011.05.18 13:20:21.202,5.59123,5.59242,1.50,3.00
2011.05.18 13:20:22.575,5.59126,5.59242,1.13,2.25
2011.05.18 13:20:22.697,5.59127,5.59233,1.50,2.63
2011.05.18 13:20:22.924,5.59127,5.59256,1.50,1.35
2011.05.18 13:20:23.514,5.59127,5.59256,1.50,1.35
2011.05.18 13:20:26.404,5.59138,5.59252,1.50,1.50
2011.05.18 13:20:26.735,5.59119,5.59223,1.50,2.25
2011.05.18 13:20:28.984,5.59127,5.59262,1.13,3.00
2011.05.18 13:20:29.584,5.59146,5.59262,1.50,3.00
2011.05.18 13:20:29.915,5.59146,5.59262,1.50,2.63
2011.05.18 13:20:32.973,5.59146,5.59262,1.50,3.00
2011.05.18 13:20:38.513,5.59146,5.59262,1.50,3.00
2011.05.18 13:20:40.796,5.59146,5.59263,1.50,3.00
2011.05.18 13:20:40.916,5.59136,5.59252,1.50,3.00
2011.05.18 13:20:41.254,5.59124,5.59252,1.50,3.00
2011.05.18 13:20:41.582,5.59124,5.59232,1.50,2.25
2011.05.18 13:20:41.845,5.59124,5.59253,1.50,3.00
2011.05.18 13:20:42.635,5.59131,5.59253,1.50,3.00
2011.05.18 13:20:44.743,5.59131,5.59252,1.50,3.00
2011.05.18 13:20:44.963,5.59131,5.59242,1.50,2.25
2011.05.18 13:20:45.523,5.59131,5.59243,1.50,2.25
2011.05.18 13:20:45.851,5.59131,5.59252,1.50,3.00
2011.05.18 13:20:47.812,5.59131,5.59253,1.50,3.00
2011.05.18 13:20:48.693,5.59131,5.59233,1.50,2.25
2011.05.18 13:20:49.022,5.59131,5.59252,1.50,3.00
2011.05.18 13:20:52.682,5.59131,5.59243,1.50,3.00
2011.05.18 13:20:53.233,5.59122,5.59232,1.50,2.63
2011.05.18 13:20:54.386,5.59115,5.59223,1.50,2.25
2011.05.18 13:20:55.030,5.59115,5.59233,1.50,3.00
2011.05.18 13:20:55.366,5.59115,5.59233,1.50,2.25
2011.05.18 13:20:55.592,5.59122,5.59242,1.50,3.00
2011.05.18 13:20:56.691,5.59129,5.59243,1.50,2.63
2011.05.18 13:20:57.037,5.59129,5.59242,1.50,1.50
2011.05.18 13:20:57.156,5.59129,5.59222,1.50,3.00
2011.05.18 13:20:57.276,5.59113,5.59232,1.50,3.00
2011.05.18 13:20:57.504,5.59113,5.59219,1.50,1.35
2011.05.18 13:20:57.833,5.59086,5.59193,1.50,3.00
2011.05.18 13:20:58.281,5.59095,5.59193,1.50,3.00
2011.05.18 13:20:59.125,5.59095,5.59193,1.50,3.00
2011.05.18 13:21:00.503,5.59095,5.59193,1.50,1.50
2011.05.18 13:21:00.615,5.59069,5.59173,1.50,1.50
2011.05.18 13:21:00.723,5.59069,5.59173,1.50,1.50
2011.05.18 13:21:00.836,5.59069,5.59153,1.50,3.00
2011.05.18 13:21:01.066,5.59069,5.59153,1.50,2.25
2011.05.18 13:21:01.187,5.59092,5.59173,1.50,2.25
2011.05.18 13:21:01.303,5.59093,5.59192,1.50,3.00
2011.05.18 13:21:01.631,5.59093,5.59192,1.50,3.00
2011.05.18 13:21:02.515,5.59093,5.59193,1.50,3.00
2011.05.18 13:21:02.732,5.59099,5.59202,1.50,3.00
2011.05.18 13:21:03.281,5.59107,5.59202,1.50,3.00
2011.05.18 13:21:03.662,5.59107,5.59202,1.50,3.00
2011.05.18 13:21:03.774,5.59121,5.59252,1.13,2.63
2011.05.18 13:21:04.617,5.59131,5.59252,1.50,2.63
2011.05.18 13:21:04.735,5.59131,5.59252,1.50,2.25
2011.05.18 13:21:04.842,5.59131,5.59262,1.50,2.25
2011.05.18 13:21:04.954,5.59131,5.59262,1.50,3.00
2011.05.18 13:21:05.282,5.59141,5.59262,1.50,3.00
2011.05.18 13:21:07.033,5.59141,5.59262,1.50,3.00
2011.05.18 13:21:07.253,5.59141,5.59262,1.50,3.75
2011.05.18 13:21:08.852,5.59133,5.59253,1.50,3.75
2011.05.18 13:21:09.074,5.59114,5.59222,1.50,3.00
2011.05.18 13:21:09.855,5.59114,5.59222,1.50,3.00
2011.05.18 13:21:10.292,5.59114,5.59222,1.50,2.25
2011.05.18 13:21:10.402,5.59114,5.59242,1.50,3.00
2011.05.18 13:21:10.842,5.59114,5.59242,1.50,3.00
2011.05.18 13:21:11.281,5.5912,5.59242,1.50,3.00
2011.05.18 13:21:13.294,5.5912,5.59242,1.50,3.75
2011.05.18 13:21:14.461,5.59112,5.59223,1.50,2.25
2011.05.18 13:21:14.573,5.59112,5.59223,1.50,2.25
2011.05.18 13:21:15.161,5.59112,5.59242,1.50,3.00
2011.05.18 13:21:15.272,5.59112,5.59223,1.50,2.25
2011.05.18 13:21:18.925,5.59112,5.59223,1.50,3.00
2011.05.18 13:21:21.274,5.5908,5.59193,1.50,3.00
2011.05.18 13:21:21.386,5.5908,5.59193,1.50,3.00
2011.05.18 13:21:21.615,5.59068,5.59172,1.50,3.00
2011.05.18 13:21:21.726,5.59068,5.59172,1.50,3.00
2011.05.18 13:21:21.846,5.59032,5.59162,1.50,1.50
2011.05.18 13:21:21.963,5.59032,5.59142,1.50,3.00
2011.05.18 13:21:23.717,5.59032,5.59142,1.50,3.00
2011.05.18 13:21:25.022,5.59032,5.59153,1.50,3.00
2011.05.18 13:21:26.074,5.59032,5.59132,1.50,3.00
2011.05.18 13:21:26.185,5.59022,5.59132,1.50,3.00
2011.05.18 13:21:26.523,5.59022,5.59132,1.50,2.25
2011.05.18 13:21:26.633,5.59022,5.59143,1.50,2.25
2011.05.18 13:21:26.744,5.59022,5.59143,1.50,3.00
2011.05.18 13:21:27.882,5.59022,5.59142,1.50,3.00
2011.05.18 13:21:27.993,5.59022,5.59142,1.50,2.25
2011.05.18 13:21:28.593,5.59022,5.59133,1.50,2.25
2011.05.18 13:21:28.922,5.59022,5.59143,1.50,2.25
2011.05.18 13:21:29.624,5.59022,5.59133,1.50,2.25
2011.05.18 13:21:29.738,5.59022,5.59143,1.50,2.25
2011.05.18 13:21:30.725,5.59032,5.59143,1.50,2.25
2011.05.18 13:21:30.834,5.59032,5.59163,1.50,2.25
2011.05.18 13:21:35.922,5.59032,5.59163,1.50,3.00
2011.05.18 13:21:36.472,5.59032,5.59142,1.50,2.25
2011.05.18 13:21:37.763,5.59032,5.59143,1.50,2.25
2011.05.18 13:21:38.143,5.59032,5.59143,1.50,3.00
2011.05.18 13:21:38.591,5.59023,5.59132,1.50,2.25
2011.05.18 13:21:38.706,5.59023,5.59142,1.50,3.00
2011.05.18 13:21:39.414,5.59023,5.59124,1.50,2.10
2011.05.18 13:21:39.741,5.58964,5.59052,1.50,3.00
2011.05.18 13:21:39.851,5.58965,5.59052,1.50,3.00
