2012.05.17 05:00:01.014,5.93278,5.93529,2.78,2.78
2012.05.17 05:00:01.692,5.93278,5.93529,2.78,2.03
2012.05.17 05:00:06.114,5.93278,5.93529,2.78,2.78
2012.05.17 05:00:06.745,5.93278,5.93529,2.78,2.78
2012.05.17 05:00:10.582,5.93278,5.93433,2.78,1.92
2012.05.17 05:00:10.650,5.93278,5.93453,2.78,1.92
2012.05.17 05:00:13.593,5.93321,5.93453,2.03,1.92
2012.05.17 05:00:13.903,5.93321,5.93453,2.78,1.92
2012.05.17 05:00:24.941,5.93302,5.93453,2.78,1.92
2012.05.17 05:00:33.684,5.93302,5.93473,2.78,1.92
2012.05.17 05:00:33.805,5.93302,5.93503,2.78,1.92
2012.05.17 05:00:34.012,5.93302,5.93473,2.78,1.92
2012.05.17 05:00:37.200,5.93302,5.93473,2.78,1.92
2012.05.17 05:00:38.305,5.93302,5.93503,2.78,1.92
2012.05.17 05:00:41.321,5.93302,5.93473,2.78,1.92
2012.05.17 05:00:41.390,5.93302,5.93503,2.78,1.92
2012.05.17 05:00:41.522,5.93302,5.93472,2.78,1.92
2012.05.17 05:00:51.906,5.93302,5.93503,2.78,1.92
2012.05.17 05:00:52.894,5.93302,5.93473,2.78,1.92
2012.05.17 05:01:00.951,5.93302,5.93503,2.78,1.92
2012.05.17 05:01:03.951,5.93302,5.93472,2.78,1.92
2012.05.17 05:01:05.910,5.93302,5.93502,2.78,1.92
2012.05.17 05:01:05.982,5.93302,5.93522,2.78,1.92
2012.05.17 05:01:06.083,5.93302,5.93503,2.78,1.92
2012.05.17 05:01:08.332,5.93335,5.93503,2.78,1.92
2012.05.17 05:01:08.520,5.93335,5.93523,2.78,1.92
2012.05.17 05:01:14.923,5.93335,5.93503,2.78,1.92
2012.05.17 05:01:18.603,5.933,5.93503,1.35,1.92
2012.05.17 05:01:18.993,5.933,5.93472,1.35,1.92
2012.05.17 05:01:19.903,5.933,5.93473,1.35,1.92
2012.05.17 05:01:21.717,5.933,5.93473,1.35,1.92
2012.05.17 05:01:23.694,5.93296,5.93473,2.78,1.92
2012.05.17 05:01:26.543,5.93264,5.93473,2.78,1.92
2012.05.17 05:01:27.543,5.93264,5.93453,2.78,1.92
2012.05.17 05:01:27.899,5.93264,5.93433,2.78,1.92
2012.05.17 05:01:32.334,5.93264,5.93433,2.78,1.92
2012.05.17 05:01:32.612,5.93264,5.93472,2.78,1.92
2012.05.17 05:01:37.057,5.93264,5.93512,2.78,2.03
2012.05.17 05:01:39.491,5.933,5.93532,2.78,1.92
2012.05.17 05:01:39.562,5.933,5.93532,2.78,1.92
2012.05.17 05:01:40.472,5.93335,5.93532,2.03,1.92
2012.05.17 05:01:41.243,5.93335,5.93532,2.78,1.92
2012.05.17 05:01:41.703,5.93335,5.93532,2.78,1.92
2012.05.17 05:01:46.134,5.93348,5.93563,1.50,1.92
2012.05.17 05:01:46.200,5.93348,5.93583,1.50,1.92
2012.05.17 05:01:49.674,5.93338,5.93582,1.50,2.85
2012.05.17 05:01:49.980,5.93297,5.935,1.70,2.78
2012.05.17 05:01:50.697,5.93249,5.93453,2.03,1.92
2012.05.17 05:01:53.132,5.93249,5.93453,2.03,2.67
2012.05.17 05:01:53.443,5.93301,5.93422,2.78,1.92
2012.05.17 05:01:54.275,5.93301,5.93502,2.78,1.92
2012.05.17 05:01:59.091,5.93301,5.93551,2.78,2.03
2012.05.17 05:02:02.061,5.93301,5.93551,2.78,2.78
2012.05.17 05:02:05.410,5.93301,5.93551,2.78,2.03
2012.05.17 05:02:05.479,5.93301,5.93551,2.78,2.78
2012.05.17 05:02:18.908,5.93301,5.93532,2.78,1.92
2012.05.17 05:02:22.436,5.93301,5.93551,2.78,2.78
2012.05.17 05:02:28.920,5.93333,5.93562,2.03,2.67
2012.05.17 05:02:43.322,5.93333,5.93562,2.78,2.67
2012.05.17 05:02:47.894,5.93333,5.93562,2.03,2.67
2012.05.17 05:02:49.664,5.93333,5.93533,2.03,1.92
2012.05.17 05:02:51.161,5.93318,5.93533,1.50,1.92
2012.05.17 05:02:54.505,5.93318,5.93547,1.50,2.78
2012.05.17 05:02:56.962,5.9332,5.93547,1.50,2.78
2012.05.17 05:03:01.844,5.9332,5.93547,1.50,2.78
2012.05.17 05:03:03.681,5.93328,5.93547,1.50,2.03
2012.05.17 05:03:26.790,5.93328,5.93562,3.53,2.67
2012.05.17 05:03:27.050,5.93334,5.93562,1.50,2.67
2012.05.17 05:03:34.362,5.93334,5.93579,1.50,2.78
2012.05.17 05:03:34.571,5.93347,5.93579,1.50,2.78
2012.05.17 05:03:34.640,5.93352,5.93579,1.50,2.78
2012.05.17 05:03:36.781,5.93348,5.93579,1.50,2.78
2012.05.17 05:03:37.240,5.93352,5.93579,1.50,2.78
2012.05.17 05:03:39.531,5.93348,5.93579,1.50,2.78
2012.05.17 05:03:54.591,5.93328,5.93579,2.78,2.78
2012.05.17 05:04:07.291,5.93341,5.93579,1.50,2.78
2012.05.17 05:04:07.362,5.93348,5.93579,1.50,2.78
2012.05.17 05:04:09.230,5.93328,5.93552,2.78,1.92
2012.05.17 05:04:09.300,5.93328,5.93552,2.78,2.67
2012.05.17 05:04:20.841,5.93328,5.93552,2.78,1.92
2012.05.17 05:04:23.522,5.93328,5.93552,2.78,1.92
2012.05.17 05:04:26.100,5.93338,5.93552,1.50,1.92
2012.05.17 05:04:28.164,5.93361,5.93609,2.78,2.78
2012.05.17 05:04:34.055,5.93328,5.93578,3.38,2.03
2012.05.17 05:04:34.185,5.93328,5.93578,3.38,2.03
2012.05.17 05:04:34.314,5.93328,5.93578,3.38,2.03
2012.05.17 05:04:36.836,5.93328,5.93578,2.78,2.78
2012.05.17 05:04:37.233,5.93328,5.93552,2.78,1.92
2012.05.17 05:04:44.223,5.93328,5.93532,2.78,1.92
2012.05.17 05:04:44.293,5.93328,5.93553,2.78,1.92
2012.05.17 05:04:46.912,5.93328,5.93553,2.03,2.67
2012.05.17 05:04:48.872,5.93328,5.93532,2.03,1.92
2012.05.17 05:04:49.040,5.93297,5.93532,1.50,1.92
2012.05.17 05:04:51.303,5.93317,5.93544,1.50,2.03
2012.05.17 05:04:52.211,5.93308,5.93544,1.50,2.78
2012.05.17 05:04:54.874,5.93297,5.93533,1.50,1.92
2012.05.17 05:04:57.902,5.93308,5.93544,1.50,2.78
2012.05.17 05:04:58.933,5.93308,5.93544,1.50,2.03
2012.05.17 05:04:59.122,5.93308,5.93532,1.50,1.92
2012.05.17 05:05:19.433,5.93294,5.93532,2.78,2.67
2012.05.17 05:05:19.502,5.93278,5.9351,1.35,2.03
2012.05.17 05:05:19.934,5.93259,5.9351,2.78,2.78
2012.05.17 05:05:20.661,5.93259,5.9351,2.78,2.78
2012.05.17 05:05:22.374,5.93259,5.93483,2.78,1.92
2012.05.17 05:05:23.105,5.93259,5.93482,2.78,1.92
2012.05.17 05:05:31.174,5.93259,5.93483,2.78,1.92
2012.05.17 05:05:34.192,5.93259,5.93483,2.78,1.92
2012.05.17 05:05:34.696,5.93259,5.93502,2.78,1.92
2012.05.17 05:05:37.091,5.93259,5.93502,2.78,2.67
2012.05.17 05:05:37.220,5.93259,5.93482,2.78,1.92
2012.05.17 05:05:46.024,5.93238,5.93478,1.50,2.03
2012.05.17 05:05:55.926,5.9326,5.93482,2.78,1.92
2012.05.17 05:05:56.124,5.9326,5.93482,2.78,1.92
2012.05.17 05:05:56.623,5.93295,5.93482,2.03,1.92
2012.05.17 05:05:56.974,5.93295,5.93482,2.78,1.92
2012.05.17 05:06:03.163,5.93298,5.93482,1.50,1.92
2012.05.17 05:06:09.956,5.93295,5.93482,2.78,1.92
2012.05.17 05:06:10.455,5.93295,5.93533,2.78,2.67
2012.05.17 05:06:13.093,5.93295,5.93533,2.03,2.67
2012.05.17 05:06:15.454,5.93295,5.93533,2.03,3.42
2012.05.17 05:06:16.013,5.93261,5.93509,2.78,2.78
2012.05.17 05:06:24.971,5.93261,5.93509,2.78,2.03
2012.05.17 05:06:26.413,5.93291,5.93533,2.78,2.67
2012.05.17 05:06:26.542,5.93291,5.93533,2.78,2.67
2012.05.17 05:06:27.262,5.93325,5.93533,2.03,2.67
2012.05.17 05:06:27.576,5.93325,5.93533,2.78,1.92
2012.05.17 05:06:33.031,5.93325,5.93483,2.78,1.92
2012.05.17 05:06:33.102,5.93325,5.93552,2.78,2.67
2012.05.17 05:07:02.060,5.93325,5.93552,2.03,2.67
2012.05.17 05:07:03.112,5.93325,5.93513,2.03,1.92
2012.05.17 05:07:05.685,5.93308,5.93513,1.50,1.92
2012.05.17 05:07:08.095,5.93293,5.93513,2.03,2.67
2012.05.17 05:07:09.504,5.93293,5.93512,2.03,1.50
2012.05.17 05:07:09.777,5.93293,5.93512,2.03,1.50
2012.05.17 05:07:09.894,5.93293,5.93512,2.03,1.50
2012.05.17 05:07:15.410,5.93293,5.93513,2.03,2.67
2012.05.17 05:07:15.482,5.93293,5.93513,2.78,1.92
2012.05.17 05:07:15.724,5.93293,5.93533,2.78,3.42
2012.05.17 05:07:29.933,5.93293,5.93533,2.78,1.92
2012.05.17 05:07:32.032,5.93293,5.93533,2.78,2.67
2012.05.17 05:07:32.574,5.93293,5.93533,2.78,1.92
2012.05.17 05:07:57.841,5.93293,5.93493,2.78,1.92
2012.05.17 05:07:58.038,5.93293,5.93493,2.03,1.92
2012.05.17 05:08:02.223,5.93293,5.93493,2.03,2.67
2012.05.17 05:08:02.531,5.93217,5.93466,2.78,2.03
2012.05.17 05:08:03.126,5.93265,5.93493,2.78,1.92
2012.05.17 05:08:14.223,5.93301,5.93493,2.03,1.92
2012.05.17 05:08:14.544,5.93301,5.93493,2.78,1.92
2012.05.17 05:08:14.975,5.93301,5.93493,2.78,1.92
2012.05.17 05:08:29.171,5.93296,5.93493,2.78,2.67
2012.05.17 05:08:29.517,5.93296,5.93493,2.78,2.67
2012.05.17 05:08:29.792,5.93296,5.93493,2.78,2.67
2012.05.17 05:08:30.708,5.93277,5.93493,3.00,2.67
2012.05.17 05:08:31.692,5.93277,5.93493,3.00,2.67
2012.05.17 05:08:32.648,5.93298,5.93493,2.78,2.67
2012.05.17 05:08:32.904,5.93298,5.93493,2.78,2.67
2012.05.17 05:08:33.163,5.93298,5.93493,2.78,2.67
2012.05.17 05:08:34.113,5.93277,5.93493,3.00,2.67
2012.05.17 05:08:43.917,5.93302,5.93493,2.78,2.67
2012.05.17 05:08:44.231,5.93267,5.93493,3.00,2.67
2012.05.17 05:08:44.364,5.93277,5.93507,2.45,2.78
2012.05.17 05:08:44.926,5.93259,5.93507,2.78,2.78
2012.05.17 05:08:45.387,5.93259,5.93507,2.78,2.78
2012.05.17 05:08:47.637,5.93259,5.93507,2.78,2.78
2012.05.17 05:08:48.011,5.93259,5.93507,2.78,2.78
2012.05.17 05:08:48.311,5.93259,5.93507,2.78,2.78
2012.05.17 05:08:56.872,5.93321,5.93543,2.78,2.67
2012.05.17 05:08:56.952,5.93321,5.9353,2.03,1.50
2012.05.17 05:08:57.024,5.93288,5.9353,2.78,1.50
2012.05.17 05:08:58.001,5.93288,5.9353,2.78,1.50
2012.05.17 05:08:59.393,5.93288,5.9353,2.78,1.50
2012.05.17 05:09:03.477,5.93288,5.9353,2.78,1.50
2012.05.17 05:09:12.973,5.93288,5.9353,2.78,1.50
2012.05.17 05:09:14.132,5.93288,5.9353,2.78,1.50
2012.05.17 05:09:17.817,5.93288,5.9353,2.78,1.50
2012.05.17 05:09:30.300,5.93288,5.9353,2.78,1.50
2012.05.17 05:09:31.347,5.93288,5.9353,2.78,1.50
2012.05.17 05:09:40.412,5.93288,5.93508,2.03,1.50
2012.05.17 05:09:40.545,5.93258,5.935,2.45,2.78
2012.05.17 05:09:40.732,5.93249,5.935,2.78,2.78
2012.05.17 05:09:41.042,5.93249,5.935,2.78,2.78
2012.05.17 05:09:41.482,5.93258,5.935,2.45,2.78
2012.05.17 05:09:41.956,5.93258,5.935,2.45,2.78
2012.05.17 05:09:42.281,5.93258,5.935,2.45,2.78
2012.05.17 05:09:42.551,5.93258,5.935,2.45,2.78
2012.05.17 05:09:44.886,5.93282,5.9351,2.78,1.50
2012.05.17 05:09:45.013,5.93258,5.93499,2.45,2.78
2012.05.17 05:09:45.322,5.93258,5.93499,2.45,2.78
2012.05.17 05:09:45.481,5.93258,5.93499,2.45,2.78
2012.05.17 05:09:45.692,5.93258,5.93499,2.45,2.78
2012.05.17 05:09:45.762,5.93258,5.93499,2.45,2.78
2012.05.17 05:09:46.014,5.93257,5.93499,2.45,2.78
2012.05.17 05:09:46.954,5.93283,5.9351,2.78,1.50
2012.05.17 05:09:47.024,5.93283,5.9351,2.78,1.50
2012.05.17 05:09:47.093,5.93283,5.93529,2.78,1.50
2012.05.17 05:09:47.673,5.93283,5.93529,2.78,1.50
2012.05.17 05:09:48.213,5.93283,5.93529,2.78,1.50
2012.05.17 05:09:53.643,5.93283,5.93529,2.78,1.50
2012.05.17 05:09:53.842,5.93283,5.93529,2.78,1.50
2012.05.17 05:09:53.970,5.93283,5.93529,2.78,1.50
2012.05.17 05:09:54.173,5.93283,5.93529,2.78,1.50
2012.05.17 05:09:54.510,5.93283,5.93529,2.78,1.50
2012.05.17 05:09:54.623,5.93283,5.93529,2.78,1.50
2012.05.17 05:09:55.792,5.93283,5.93529,2.78,1.50
2012.05.17 05:09:57.951,5.93283,5.93529,2.78,1.50
2012.05.17 05:09:58.507,5.93283,5.93529,2.78,1.50
2012.05.17 05:09:59.015,5.93283,5.93529,2.78,1.50
2012.05.17 05:09:59.134,5.93283,5.93529,2.78,1.50
2012.05.17 05:10:00.123,5.93283,5.93529,2.78,1.50
2012.05.17 05:10:01.482,5.93283,5.93529,2.78,1.50
2012.05.17 05:10:01.763,5.93283,5.93515,2.78,1.50
2012.05.17 05:10:02.222,5.93283,5.93515,2.78,1.50
2012.05.17 05:10:02.775,5.93283,5.93515,2.78,1.50
2012.05.17 05:10:02.972,5.93283,5.93515,2.78,1.50
2012.05.17 05:10:03.333,5.93283,5.93515,2.78,1.50
2012.05.17 05:10:04.853,5.93283,5.93515,2.78,1.50
2012.05.17 05:10:08.051,5.93283,5.93515,2.78,1.50
2012.05.17 05:10:08.242,5.93248,5.93499,2.78,2.78
2012.05.17 05:10:08.313,5.93248,5.93499,2.78,2.78
2012.05.17 05:10:22.014,5.93248,5.93499,2.78,2.78
2012.05.17 05:10:22.666,5.93248,5.93499,2.78,2.78
2012.05.17 05:10:22.853,5.93282,5.93501,2.03,1.50
2012.05.17 05:10:22.923,5.93282,5.93501,2.03,1.50
2012.05.17 05:10:22.992,5.93282,5.93519,2.78,1.50
2012.05.17 05:10:23.383,5.93282,5.93519,2.78,1.50
2012.05.17 05:10:23.754,5.93282,5.93532,2.78,2.78
2012.05.17 05:10:28.997,5.93282,5.93532,2.78,2.78
2012.05.17 05:10:29.717,5.93282,5.93532,2.78,2.78
2012.05.17 05:10:30.432,5.93315,5.93538,2.03,1.50
2012.05.17 05:10:30.504,5.93315,5.93538,2.03,1.50
2012.05.17 05:10:31.135,5.93315,5.93538,2.03,1.50
2012.05.17 05:10:32.014,5.93315,5.93538,2.03,1.50
2012.05.17 05:10:33.171,5.93315,5.93538,2.03,1.50
2012.05.17 05:10:33.362,5.93281,5.93521,2.78,1.50
2012.05.17 05:10:33.609,5.93281,5.93521,2.78,1.50
2012.05.17 05:10:34.202,5.93281,5.93521,2.78,1.50
2012.05.17 05:10:34.672,5.93281,5.93521,2.78,1.50
2012.05.17 05:10:35.936,5.93281,5.93521,2.78,1.50
2012.05.17 05:10:38.604,5.93281,5.93521,2.78,1.50
2012.05.17 05:10:43.067,5.93281,5.93521,2.78,1.50
2012.05.17 05:10:43.134,5.93281,5.93498,2.03,1.50
2012.05.17 05:10:44.214,5.93281,5.93492,2.03,2.67
2012.05.17 05:10:45.612,5.93247,5.93492,2.78,2.67
2012.05.17 05:10:52.834,5.93247,5.93492,2.78,2.67
2012.05.17 05:10:53.032,5.93247,5.93478,2.78,1.50
2012.05.17 05:10:53.775,5.93247,5.93478,2.78,1.50
2012.05.17 05:11:00.166,5.93247,5.93478,2.78,1.50
2012.05.17 05:11:00.354,5.93247,5.93459,2.03,1.50
2012.05.17 05:11:00.423,5.93215,5.93455,1.35,2.78
2012.05.17 05:11:01.266,5.93215,5.93455,1.35,2.78
2012.05.17 05:11:01.483,5.93215,5.93455,1.35,2.78
2012.05.17 05:11:02.654,5.93215,5.93455,1.35,2.78
2012.05.17 05:11:03.575,5.93215,5.93455,1.35,2.78
2012.05.17 05:11:03.703,5.93215,5.93455,1.35,2.78
2012.05.17 05:11:13.752,5.93239,5.93473,2.78,1.50
2012.05.17 05:11:13.864,5.93239,5.93473,2.78,1.50
2012.05.17 05:11:14.071,5.93239,5.93473,2.78,1.50
2012.05.17 05:11:14.144,5.93239,5.93473,2.78,1.50
2012.05.17 05:11:14.466,5.93239,5.93473,2.78,1.50
2012.05.17 05:11:17.872,5.93239,5.93473,2.78,1.50
2012.05.17 05:11:18.701,5.93239,5.93473,2.78,1.50
2012.05.17 05:11:19.804,5.93239,5.93473,2.78,1.50
2012.05.17 05:11:37.843,5.93239,5.93473,2.78,1.50
2012.05.17 05:11:40.533,5.93239,5.93473,2.78,1.50
2012.05.17 05:11:40.754,5.93239,5.93473,2.78,1.50
2012.05.17 05:11:41.111,5.93239,5.93473,2.78,1.50
2012.05.17 05:11:41.468,5.93239,5.93473,2.78,1.50
2012.05.17 05:11:43.631,5.93239,5.93473,2.78,1.50
2012.05.17 05:11:43.702,5.93239,5.93473,2.78,1.50
2012.05.17 05:11:43.772,5.93239,5.93487,2.78,2.78
2012.05.17 05:11:43.842,5.93239,5.93487,2.78,2.78
2012.05.17 05:11:44.210,5.9327,5.93491,2.03,1.50
2012.05.17 05:11:44.455,5.9327,5.93493,2.78,2.67
2012.05.17 05:11:45.729,5.9327,5.93493,2.78,2.67
2012.05.17 05:11:47.151,5.9327,5.93511,2.78,1.50
2012.05.17 05:11:47.481,5.9327,5.93511,2.78,1.50
2012.05.17 05:11:48.642,5.9327,5.93511,2.78,1.50
2012.05.17 05:11:48.710,5.9327,5.93495,2.78,1.50
2012.05.17 05:11:48.810,5.9327,5.93495,2.78,1.50
2012.05.17 05:11:48.870,5.9327,5.93495,2.78,1.50
2012.05.17 05:11:49.001,5.9327,5.93495,2.78,1.50
2012.05.17 05:11:51.930,5.9327,5.93493,2.78,2.67
2012.05.17 05:11:54.301,5.9327,5.93495,2.78,1.50
2012.05.17 05:11:54.963,5.9327,5.93492,2.78,2.67
2012.05.17 05:12:04.001,5.9327,5.93492,2.78,2.67
2012.05.17 05:12:06.183,5.9327,5.93492,2.78,2.67
2012.05.17 05:12:09.261,5.9327,5.93492,2.78,2.67
2012.05.17 05:12:09.484,5.9327,5.93492,2.78,2.67
2012.05.17 05:12:17.404,5.9327,5.93495,2.78,1.50
2012.05.17 05:12:17.819,5.9327,5.93495,2.78,1.50
2012.05.17 05:12:22.133,5.9327,5.93495,2.78,1.50
2012.05.17 05:12:27.412,5.9327,5.93495,2.78,1.50
2012.05.17 05:12:27.479,5.9327,5.93495,2.78,1.50
2012.05.17 05:12:36.887,5.9327,5.93495,2.78,1.50
2012.05.17 05:12:37.132,5.9327,5.93505,2.78,1.50
2012.05.17 05:12:37.384,5.9327,5.93519,2.78,1.50
2012.05.17 05:12:37.455,5.9327,5.93519,2.78,1.50
2012.05.17 05:12:37.525,5.93306,5.93523,2.78,2.67
2012.05.17 05:12:37.594,5.93306,5.93523,2.78,2.67
2012.05.17 05:12:37.785,5.93306,5.93523,2.78,2.67
2012.05.17 05:12:37.897,5.93306,5.93523,2.78,2.67
2012.05.17 05:12:40.027,5.93306,5.93523,2.78,2.67
2012.05.17 05:12:42.543,5.93306,5.93523,2.78,2.67
2012.05.17 05:12:42.903,5.93306,5.93523,2.78,2.67
2012.05.17 05:12:44.966,5.93306,5.93523,2.78,2.67
2012.05.17 05:12:57.655,5.93306,5.93539,2.78,1.50
2012.05.17 05:12:57.854,5.93306,5.93539,2.78,1.50
2012.05.17 05:12:58.793,5.93306,5.93539,2.78,1.50
2012.05.17 05:13:00.741,5.93306,5.93539,2.78,1.50
2012.05.17 05:13:01.176,5.93306,5.93539,2.78,1.50
2012.05.17 05:13:05.677,5.93306,5.93539,2.78,1.50
2012.05.17 05:13:05.804,5.93306,5.93539,2.78,1.50
2012.05.17 05:13:05.874,5.93306,5.93539,2.78,1.50
2012.05.17 05:13:06.183,5.93306,5.93542,2.78,2.67
2012.05.17 05:13:06.253,5.93306,5.93542,2.78,2.67
2012.05.17 05:13:06.894,5.93306,5.93542,2.78,2.67
2012.05.17 05:13:07.114,5.93306,5.93542,2.78,2.67
2012.05.17 05:13:07.395,5.93306,5.93542,2.78,2.67
2012.05.17 05:13:07.674,5.93306,5.93542,2.78,2.67
2012.05.17 05:13:08.026,5.93341,5.93542,2.03,2.67
2012.05.17 05:13:08.278,5.93341,5.93542,2.03,2.67
2012.05.17 05:13:08.403,5.93341,5.93542,2.03,2.67
2012.05.17 05:13:12.104,5.93341,5.93542,2.78,2.67
2012.05.17 05:13:13.934,5.93341,5.93542,2.78,2.67
2012.05.17 05:13:14.283,5.93341,5.93542,2.78,2.67
2012.05.17 05:13:16.335,5.93341,5.93542,2.78,2.67
2012.05.17 05:13:16.403,5.93341,5.93542,2.78,2.67
2012.05.17 05:13:17.277,5.93341,5.93542,2.03,2.67
2012.05.17 05:13:17.344,5.93341,5.93542,2.03,2.67
2012.05.17 05:13:17.915,5.93306,5.93542,2.78,2.67
2012.05.17 05:13:18.375,5.93306,5.93542,2.78,2.67
2012.05.17 05:13:18.733,5.93306,5.93542,2.78,2.67
2012.05.17 05:13:18.866,5.93306,5.93542,2.78,2.67
2012.05.17 05:13:18.996,5.93352,5.93542,2.78,2.67
2012.05.17 05:13:19.265,5.93318,5.93542,2.78,2.67
2012.05.17 05:13:19.594,5.93318,5.93542,2.78,2.67
2012.05.17 05:13:19.895,5.93318,5.93542,2.78,2.67
2012.05.17 05:13:20.024,5.93318,5.93542,2.78,2.67
2012.05.17 05:13:22.009,5.93318,5.93542,2.78,2.67
2012.05.17 05:13:22.312,5.93318,5.93542,2.78,2.67
2012.05.17 05:13:22.562,5.93318,5.93542,2.78,2.67
2012.05.17 05:13:22.873,5.93318,5.93539,2.03,1.50
2012.05.17 05:13:23.192,5.93318,5.93539,2.03,1.50
2012.05.17 05:13:26.075,5.93318,5.93539,2.03,1.50
2012.05.17 05:13:26.705,5.93328,5.93539,1.70,1.50
2012.05.17 05:13:27.052,5.93318,5.93539,2.03,1.50
2012.05.17 05:13:36.396,5.93318,5.93539,2.03,1.50
2012.05.17 05:13:36.565,5.93318,5.93539,2.03,1.50
2012.05.17 05:13:36.724,5.93318,5.93539,2.03,1.50
2012.05.17 05:13:40.705,5.93285,5.93534,2.78,2.78
2012.05.17 05:13:40.894,5.93285,5.93523,2.78,2.67
2012.05.17 05:13:41.025,5.93285,5.93511,2.78,1.50
2012.05.17 05:13:41.153,5.93285,5.93511,2.78,1.50
2012.05.17 05:13:41.652,5.93285,5.93511,2.78,1.50
2012.05.17 05:13:41.726,5.93285,5.93511,2.78,1.50
2012.05.17 05:13:42.114,5.93285,5.93511,2.78,1.50
2012.05.17 05:13:42.335,5.93285,5.93511,2.78,1.50
2012.05.17 05:13:42.484,5.93285,5.93492,2.03,1.50
2012.05.17 05:13:45.541,5.93285,5.93511,2.78,1.50
2012.05.17 05:13:45.922,5.93285,5.93511,2.78,1.50
2012.05.17 05:13:45.992,5.93253,5.93493,1.35,1.50
2012.05.17 05:13:46.062,5.93253,5.93493,1.35,1.50
2012.05.17 05:13:46.192,5.93253,5.93493,1.35,1.50
2012.05.17 05:13:46.552,5.93284,5.93493,2.03,1.50
2012.05.17 05:13:46.844,5.93284,5.93493,2.03,1.50
2012.05.17 05:13:46.914,5.93284,5.9351,2.78,1.50
2012.05.17 05:13:48.753,5.93284,5.9351,2.78,1.50
2012.05.17 05:13:48.822,5.93253,5.93499,1.35,2.78
2012.05.17 05:13:48.953,5.93253,5.93499,1.35,2.78
2012.05.17 05:13:49.303,5.93253,5.93499,1.35,2.78
2012.05.17 05:13:49.493,5.93253,5.93483,1.35,1.50
2012.05.17 05:13:49.563,5.9325,5.93483,2.78,1.50
2012.05.17 05:13:49.971,5.9325,5.93483,2.78,1.50
2012.05.17 05:13:50.042,5.9325,5.93483,2.78,1.50
2012.05.17 05:13:50.144,5.9325,5.93483,2.78,1.50
2012.05.17 05:13:50.215,5.9325,5.93483,2.78,1.50
2012.05.17 05:13:50.837,5.93237,5.93465,2.45,2.78
2012.05.17 05:13:53.023,5.93214,5.93465,2.78,2.78
2012.05.17 05:13:53.093,5.93214,5.93465,2.78,2.78
2012.05.17 05:13:53.284,5.93214,5.93457,2.78,1.50
2012.05.17 05:13:53.353,5.93214,5.93457,2.78,1.50
2012.05.17 05:13:54.775,5.93214,5.93457,2.78,1.50
2012.05.17 05:13:54.974,5.93214,5.93465,2.78,2.78
2012.05.17 05:13:55.154,5.93214,5.93465,2.78,2.78
2012.05.17 05:13:57.366,5.93214,5.93465,2.78,2.78
2012.05.17 05:13:57.643,5.93214,5.93465,2.78,2.78
2012.05.17 05:13:58.025,5.93214,5.93465,2.78,2.78
2012.05.17 05:13:58.453,5.93214,5.93465,2.78,2.78
2012.05.17 05:14:00.703,5.93247,5.93472,2.78,1.50
2012.05.17 05:14:04.555,5.93247,5.93472,2.78,2.67
2012.05.17 05:14:04.684,5.93247,5.93472,2.78,2.67
2012.05.17 05:14:04.754,5.93247,5.93472,2.78,2.67
2012.05.17 05:14:04.945,5.93278,5.93491,2.03,1.50
2012.05.17 05:14:05.015,5.93278,5.93491,2.03,1.50
2012.05.17 05:14:05.324,5.93278,5.93491,2.03,1.50
2012.05.17 05:14:05.515,5.93314,5.93491,2.03,1.50
2012.05.17 05:14:05.706,5.93314,5.93522,2.78,2.67
2012.05.17 05:14:05.897,5.93314,5.93522,2.78,2.67
2012.05.17 05:14:07.455,5.93314,5.93522,2.78,2.67
2012.05.17 05:14:07.833,5.93314,5.93522,2.78,2.67
2012.05.17 05:14:09.314,5.93314,5.93539,2.78,1.50
2012.05.17 05:14:11.197,5.93314,5.93557,2.78,1.50
2012.05.17 05:14:11.374,5.93314,5.93557,2.78,1.50
2012.05.17 05:14:14.098,5.93314,5.93557,2.78,1.50
2012.05.17 05:14:14.228,5.93314,5.93557,2.78,1.50
2012.05.17 05:14:14.385,5.93314,5.93557,2.78,1.50
2012.05.17 05:14:14.513,5.93314,5.93557,2.78,1.50
2012.05.17 05:14:15.904,5.93314,5.93557,2.78,1.50
2012.05.17 05:14:16.124,5.93314,5.93557,2.78,1.50
2012.05.17 05:14:16.895,5.93314,5.93557,2.78,1.50
2012.05.17 05:14:17.225,5.93314,5.93557,2.78,1.50
2012.05.17 05:14:17.823,5.93314,5.93557,2.78,1.50
2012.05.17 05:14:18.103,5.93314,5.93557,2.78,1.50
2012.05.17 05:14:18.213,5.93314,5.93557,2.78,1.50
2012.05.17 05:14:19.775,5.93346,5.93557,2.03,1.50
2012.05.17 05:14:20.037,5.93346,5.93576,2.78,1.50
2012.05.17 05:14:20.268,5.9338,5.93576,2.03,1.50
2012.05.17 05:14:20.963,5.9338,5.93576,2.03,1.50
2012.05.17 05:14:21.332,5.9338,5.93576,2.03,1.50
2012.05.17 05:14:21.577,5.9338,5.93576,2.03,1.50
2012.05.17 05:14:25.011,5.93348,5.93576,2.78,1.50
2012.05.17 05:14:36.574,5.93348,5.93576,2.78,1.50
2012.05.17 05:14:40.643,5.93348,5.93576,2.78,1.50
2012.05.17 05:14:54.613,5.93348,5.93576,2.78,1.50
2012.05.17 05:14:54.984,5.93348,5.93576,2.78,1.50
2012.05.17 05:15:03.033,5.93387,5.93576,2.03,1.50
2012.05.17 05:15:03.103,5.93387,5.93576,2.03,1.50
2012.05.17 05:15:03.313,5.93387,5.93592,2.03,2.67
2012.05.17 05:15:03.443,5.93387,5.93592,2.78,2.67
2012.05.17 05:15:03.512,5.93387,5.93592,2.78,2.67
2012.05.17 05:15:03.642,5.93387,5.93592,2.78,2.67
2012.05.17 05:15:04.797,5.93387,5.93632,2.78,1.50
2012.05.17 05:15:07.945,5.93387,5.93633,2.78,2.67
2012.05.17 05:15:08.893,5.93419,5.93633,2.78,2.67
2012.05.17 05:15:09.266,5.93419,5.93633,2.78,2.67
2012.05.17 05:15:09.465,5.93419,5.93632,2.03,1.50
2012.05.17 05:15:10.045,5.93383,5.93632,2.78,1.50
2012.05.17 05:15:10.683,5.93383,5.93632,2.78,1.50
2012.05.17 05:15:10.813,5.93383,5.93613,2.78,1.50
2012.05.17 05:15:10.978,5.93383,5.93613,2.78,1.50
2012.05.17 05:15:11.116,5.93383,5.93613,2.78,1.50
2012.05.17 05:15:11.185,5.93383,5.93613,2.78,1.50
2012.05.17 05:15:11.821,5.93383,5.93613,2.78,1.50
2012.05.17 05:15:12.263,5.93383,5.9363,2.78,1.50
2012.05.17 05:15:12.332,5.93383,5.9363,2.78,1.50
2012.05.17 05:15:12.957,5.93383,5.9363,2.78,1.50
2012.05.17 05:15:13.616,5.93383,5.9363,2.78,1.50
2012.05.17 05:15:13.923,5.93383,5.9363,2.78,1.50
2012.05.17 05:15:14.055,5.93383,5.9363,2.78,1.50
2012.05.17 05:15:14.183,5.93383,5.93618,2.78,1.50
2012.05.17 05:15:15.443,5.93383,5.93618,2.78,1.50
2012.05.17 05:15:19.623,5.93383,5.93618,2.78,1.50
2012.05.17 05:15:19.824,5.93383,5.936,2.03,1.50
2012.05.17 05:15:20.404,5.93383,5.936,2.03,1.50
2012.05.17 05:15:21.393,5.93383,5.936,2.03,1.50
2012.05.17 05:15:27.293,5.93383,5.936,2.03,1.50
2012.05.17 05:15:27.503,5.93383,5.936,2.03,1.50
2012.05.17 05:15:34.153,5.93383,5.93617,2.78,1.50
2012.05.17 05:15:37.402,5.93383,5.936,2.03,1.50
2012.05.17 05:15:37.474,5.93383,5.936,2.03,1.50
2012.05.17 05:15:37.908,5.93383,5.936,2.03,1.50
2012.05.17 05:15:40.012,5.93383,5.936,2.03,1.50
2012.05.17 05:15:40.444,5.93383,5.93617,2.78,1.50
2012.05.17 05:15:40.595,5.93383,5.93617,2.78,1.50
2012.05.17 05:15:47.051,5.93383,5.93617,2.78,1.50
2012.05.17 05:15:50.463,5.93383,5.93617,2.78,1.50
2012.05.17 05:15:52.191,5.93383,5.93617,2.78,1.50
2012.05.17 05:15:58.483,5.93383,5.93617,2.78,1.50
2012.05.17 05:16:15.261,5.93416,5.93617,2.03,1.50
2012.05.17 05:16:15.513,5.93416,5.93632,2.03,2.67
2012.05.17 05:16:15.727,5.93416,5.93632,2.78,2.67
2012.05.17 05:16:16.154,5.93416,5.93632,2.78,2.67
2012.05.17 05:16:16.226,5.93416,5.93632,2.78,2.67
2012.05.17 05:16:16.294,5.93416,5.93632,2.78,2.67
2012.05.17 05:16:16.799,5.93416,5.93632,2.78,2.67
2012.05.17 05:16:17.832,5.93416,5.93632,2.78,2.67
2012.05.17 05:16:17.963,5.9345,5.93632,2.03,2.67
2012.05.17 05:16:18.092,5.9345,5.93632,2.03,1.92
2012.05.17 05:16:18.722,5.9345,5.93632,2.03,2.67
2012.05.17 05:16:20.215,5.9345,5.93632,2.03,1.92
2012.05.17 05:16:21.202,5.9345,5.93632,2.03,2.67
2012.05.17 05:16:29.103,5.9345,5.93632,2.03,1.92
2012.05.17 05:16:29.594,5.9345,5.93668,2.03,1.50
2012.05.17 05:16:32.226,5.9345,5.93687,2.78,1.50
2012.05.17 05:16:32.294,5.9345,5.93687,2.78,1.50
2012.05.17 05:16:35.195,5.9345,5.93687,2.78,1.50
2012.05.17 05:16:41.133,5.9345,5.93687,2.78,1.50
2012.05.17 05:16:41.201,5.9345,5.93687,2.78,1.50
2012.05.17 05:16:41.784,5.9345,5.93687,2.78,1.50
2012.05.17 05:16:42.033,5.9345,5.93674,2.78,1.50
2012.05.17 05:16:42.793,5.9345,5.93674,2.78,1.50
2012.05.17 05:16:45.037,5.93448,5.93647,2.45,2.78
2012.05.17 05:16:45.497,5.93448,5.9364,1.70,1.50
2012.05.17 05:16:50.495,5.93448,5.9364,1.70,1.50
2012.05.17 05:16:51.036,5.93448,5.9364,1.70,1.50
2012.05.17 05:16:52.906,5.93448,5.9364,1.70,1.50
2012.05.17 05:16:53.276,5.93399,5.9364,2.78,1.50
2012.05.17 05:16:53.673,5.93399,5.9364,2.78,1.50
2012.05.17 05:16:56.313,5.93399,5.9364,2.78,1.50
2012.05.17 05:16:58.185,5.93399,5.9364,2.78,1.50
2012.05.17 05:17:08.305,5.9343,5.9364,2.03,1.50
2012.05.17 05:17:08.625,5.9343,5.93659,2.78,1.50
2012.05.17 05:17:08.755,5.9343,5.93659,2.78,1.50
2012.05.17 05:17:09.159,5.9343,5.93659,2.78,1.50
2012.05.17 05:17:09.468,5.9343,5.93677,2.78,1.50
2012.05.17 05:17:09.533,5.9343,5.93677,2.78,1.50
2012.05.17 05:17:12.731,5.9343,5.93677,2.78,1.50
2012.05.17 05:17:13.204,5.9343,5.93677,2.78,1.50
2012.05.17 05:17:13.273,5.9343,5.93661,2.78,1.50
2012.05.17 05:17:13.694,5.9343,5.93661,2.78,1.50
2012.05.17 05:17:18.976,5.9343,5.93661,2.78,1.50
2012.05.17 05:17:25.682,5.9343,5.93661,2.78,1.50
2012.05.17 05:17:25.843,5.9343,5.93661,2.78,1.50
2012.05.17 05:17:38.872,5.9343,5.93661,2.78,1.50
2012.05.17 05:17:42.612,5.93423,5.93638,1.35,2.78
2012.05.17 05:17:44.696,5.93423,5.93638,1.35,2.78
2012.05.17 05:17:45.344,5.93423,5.93638,1.35,2.78
2012.05.17 05:17:45.882,5.93423,5.93638,1.35,2.78
2012.05.17 05:17:47.102,5.93423,5.93638,1.35,2.78
2012.05.17 05:17:48.441,5.93423,5.93638,1.35,2.78
2012.05.17 05:17:53.375,5.93397,5.93638,2.45,2.78
2012.05.17 05:17:53.503,5.93397,5.93638,2.45,2.78
2012.05.17 05:17:53.753,5.93397,5.93638,2.45,2.78
2012.05.17 05:18:01.122,5.93389,5.93638,2.78,2.78
2012.05.17 05:18:01.561,5.93389,5.93638,2.78,2.78
2012.05.17 05:18:02.384,5.93389,5.93638,2.78,2.78
2012.05.17 05:18:02.823,5.93389,5.93638,2.78,2.78
2012.05.17 05:18:04.801,5.93389,5.93638,2.78,2.78
2012.05.17 05:18:12.504,5.93389,5.93638,2.78,2.78
2012.05.17 05:18:13.176,5.93389,5.93638,2.78,2.78
2012.05.17 05:18:16.136,5.9342,5.93642,2.03,1.50
2012.05.17 05:18:16.264,5.9342,5.93642,2.03,1.50
2012.05.17 05:18:16.698,5.9342,5.93659,2.78,1.50
2012.05.17 05:18:16.768,5.9342,5.93659,2.78,1.50
2012.05.17 05:18:17.416,5.9342,5.93659,2.78,1.50
2012.05.17 05:18:17.744,5.9342,5.93659,2.78,1.50
2012.05.17 05:18:18.444,5.9342,5.93659,2.78,1.50
2012.05.17 05:18:18.633,5.9342,5.93659,2.78,1.50
2012.05.17 05:18:19.372,5.9342,5.93659,2.78,1.50
2012.05.17 05:18:20.066,5.9342,5.93659,2.78,1.50
2012.05.17 05:18:20.185,5.9342,5.93659,2.78,1.50
2012.05.17 05:18:20.628,5.9342,5.93659,2.78,1.50
2012.05.17 05:18:21.692,5.9342,5.9367,2.78,2.78
2012.05.17 05:18:21.956,5.93458,5.9367,2.30,2.03
2012.05.17 05:18:22.146,5.93478,5.93702,1.35,1.92
2012.05.17 05:18:22.584,5.93478,5.93702,1.35,2.67
2012.05.17 05:18:26.052,5.93478,5.93702,1.35,1.92
2012.05.17 05:18:26.733,5.93478,5.93702,1.35,2.67
2012.05.17 05:18:28.353,5.93478,5.93702,1.35,2.67
2012.05.17 05:18:29.635,5.93478,5.93702,1.35,2.67
2012.05.17 05:18:29.772,5.93478,5.93702,1.35,1.92
2012.05.17 05:18:30.383,5.9351,5.93702,2.78,1.92
2012.05.17 05:18:34.330,5.9351,5.93682,2.78,1.92
2012.05.17 05:18:34.496,5.9351,5.93703,2.78,2.67
2012.05.17 05:18:35.162,5.9351,5.93703,2.78,1.92
2012.05.17 05:18:35.383,5.9351,5.93733,2.78,2.67
2012.05.17 05:18:35.784,5.9351,5.93733,2.78,2.67
2012.05.17 05:18:38.354,5.9351,5.93733,2.78,2.67
2012.05.17 05:18:38.912,5.9351,5.93733,2.78,2.67
2012.05.17 05:18:38.982,5.9351,5.93733,2.78,2.67
2012.05.17 05:18:39.243,5.9351,5.93733,2.78,2.67
2012.05.17 05:18:39.853,5.9351,5.93723,2.78,1.92
2012.05.17 05:18:41.351,5.9351,5.93723,2.78,2.67
2012.05.17 05:18:41.967,5.9351,5.93723,2.78,2.67
2012.05.17 05:18:42.331,5.9351,5.93723,2.78,2.67
2012.05.17 05:18:42.403,5.9351,5.93723,2.78,2.67
2012.05.17 05:18:59.283,5.9351,5.93723,2.78,2.67
2012.05.17 05:18:59.975,5.9351,5.93723,2.78,2.67
2012.05.17 05:19:01.615,5.9351,5.93723,2.78,2.67
2012.05.17 05:19:01.762,5.9351,5.93723,2.78,2.67
2012.05.17 05:19:02.838,5.9351,5.93723,2.78,2.67
2012.05.17 05:19:03.273,5.9351,5.93723,2.78,2.67
2012.05.17 05:19:04.254,5.9351,5.93723,2.78,2.67
2012.05.17 05:19:07.121,5.9351,5.93723,2.78,2.67
2012.05.17 05:19:09.885,5.9351,5.93723,2.78,2.67
2012.05.17 05:19:15.264,5.9351,5.93723,2.78,2.67
2012.05.17 05:19:17.414,5.9351,5.93723,2.78,2.67
2012.05.17 05:19:18.915,5.9351,5.93723,2.78,2.67
2012.05.17 05:19:19.144,5.9351,5.93723,2.78,2.67
2012.05.17 05:19:19.334,5.9351,5.93723,2.03,2.67
2012.05.17 05:19:19.404,5.93478,5.93723,1.35,2.67
2012.05.17 05:19:26.764,5.93475,5.93725,2.78,2.78
2012.05.17 05:19:26.924,5.93475,5.93725,2.78,2.78
2012.05.17 05:19:32.643,5.93475,5.93725,2.78,2.78
2012.05.17 05:19:48.152,5.93475,5.93725,2.78,2.78
2012.05.17 05:19:48.704,5.93475,5.93725,2.78,2.78
2012.05.17 05:19:49.106,5.93475,5.93725,2.78,2.78
2012.05.17 05:19:49.234,5.93475,5.93725,2.78,2.78
2012.05.17 05:20:01.463,5.93508,5.93723,2.78,2.67
2012.05.17 05:20:03.266,5.93508,5.93723,2.78,2.67
2012.05.17 05:20:06.194,5.93474,5.93723,2.78,4.70
2012.05.17 05:20:09.473,5.93474,5.93723,2.78,4.70
2012.05.17 05:20:11.363,5.93474,5.93703,2.78,2.67
2012.05.17 05:20:12.875,5.93474,5.93703,2.78,2.67
2012.05.17 05:20:13.233,5.93474,5.93703,2.78,2.67
2012.05.17 05:20:13.662,5.93474,5.93703,2.78,2.67
2012.05.17 05:20:13.915,5.93474,5.93703,2.78,2.67
2012.05.17 05:20:14.044,5.93474,5.93699,2.78,1.50
2012.05.17 05:20:14.235,5.93438,5.93689,2.78,2.78
2012.05.17 05:20:14.424,5.93417,5.93657,2.45,2.78
2012.05.17 05:20:14.614,5.93417,5.93657,2.45,2.78
2012.05.17 05:20:14.823,5.93417,5.93657,2.45,2.78
2012.05.17 05:20:15.168,5.93417,5.93657,2.45,2.78
2012.05.17 05:20:16.685,5.93417,5.93657,2.45,2.78
2012.05.17 05:20:17.235,5.93407,5.93632,2.78,2.67
2012.05.17 05:20:17.456,5.93407,5.93652,2.78,2.67
2012.05.17 05:20:20.813,5.93407,5.93632,2.78,2.67
2012.05.17 05:20:20.939,5.93407,5.93632,2.78,2.67
2012.05.17 05:20:21.105,5.93407,5.93632,2.78,2.67
2012.05.17 05:20:21.173,5.93407,5.93632,2.78,2.67
2012.05.17 05:20:23.313,5.93407,5.93632,2.78,2.67
2012.05.17 05:20:24.184,5.93407,5.93632,2.78,2.67
2012.05.17 05:20:25.393,5.93407,5.93632,2.78,2.67
2012.05.17 05:20:25.462,5.93407,5.93632,2.78,2.67
2012.05.17 05:20:33.435,5.93407,5.93632,2.78,2.67
2012.05.17 05:20:33.686,5.93391,5.93603,1.35,2.67
2012.05.17 05:20:33.813,5.93374,5.93603,2.78,2.67
2012.05.17 05:20:33.946,5.93374,5.93603,2.78,2.67
2012.05.17 05:20:34.160,5.93374,5.93603,2.78,2.67
2012.05.17 05:20:34.418,5.93374,5.93603,2.78,2.67
2012.05.17 05:20:35.003,5.93374,5.93603,2.78,2.67
2012.05.17 05:20:35.466,5.93374,5.93603,2.78,2.67
2012.05.17 05:20:37.053,5.93374,5.93603,2.78,2.67
2012.05.17 05:20:41.184,5.93374,5.93603,2.78,2.67
2012.05.17 05:20:43.154,5.93374,5.93603,2.78,2.67
2012.05.17 05:20:45.903,5.93374,5.93603,2.78,2.67
2012.05.17 05:20:55.653,5.93374,5.93603,2.78,2.67
2012.05.17 05:20:55.782,5.93374,5.93601,2.78,1.50
2012.05.17 05:20:56.849,5.93374,5.93601,2.78,1.50
2012.05.17 05:20:58.443,5.93374,5.93601,2.78,1.50
2012.05.17 05:20:58.995,5.93374,5.93601,2.78,1.50
2012.05.17 05:20:59.124,5.93374,5.93601,2.78,1.50
2012.05.17 05:20:59.473,5.93374,5.93601,2.78,1.50
2012.05.17 05:21:07.355,5.93374,5.93601,2.78,1.50
2012.05.17 05:21:11.058,5.93374,5.93601,2.78,1.50
2012.05.17 05:21:11.325,5.93374,5.93601,2.78,1.50
2012.05.17 05:21:13.795,5.93374,5.93601,2.78,1.50
2012.05.17 05:21:13.913,5.93374,5.93601,2.78,1.50
2012.05.17 05:21:14.136,5.93374,5.93601,2.78,1.50
2012.05.17 05:21:22.223,5.93374,5.93601,2.78,1.50
2012.05.17 05:21:22.293,5.93338,5.93576,2.78,1.50
2012.05.17 05:21:24.416,5.93338,5.93576,2.78,1.50
2012.05.17 05:21:25.095,5.93338,5.93576,2.78,1.50
2012.05.17 05:21:33.717,5.93338,5.93576,2.78,1.50
2012.05.17 05:21:34.114,5.93338,5.93576,2.78,1.50
2012.05.17 05:21:34.208,5.93338,5.93558,2.03,1.50
2012.05.17 05:21:34.368,5.93318,5.93555,2.45,2.78
2012.05.17 05:21:34.434,5.93318,5.93555,2.45,2.78
2012.05.17 05:21:34.718,5.93318,5.93539,1.70,1.50
2012.05.17 05:21:34.978,5.93318,5.93539,1.70,1.50
2012.05.17 05:21:35.533,5.93318,5.93539,1.70,1.50
2012.05.17 05:21:36.003,5.93318,5.93539,1.70,1.50
2012.05.17 05:21:37.835,5.93318,5.93539,1.70,1.50
2012.05.17 05:21:41.440,5.93318,5.93524,1.70,2.78
2012.05.17 05:21:43.664,5.93318,5.9352,1.70,1.50
2012.05.17 05:21:46.744,5.93318,5.93515,1.70,1.50
2012.05.17 05:21:46.818,5.93318,5.93524,1.70,2.78
2012.05.17 05:21:50.193,5.93318,5.93524,1.70,2.78
2012.05.17 05:21:51.334,5.93318,5.93507,1.70,1.50
2012.05.17 05:21:51.707,5.93318,5.93481,1.70,2.78
2012.05.17 05:21:52.056,5.93318,5.93481,1.70,2.78
2012.05.17 05:21:52.208,5.93318,5.93481,1.70,2.78
2012.05.17 05:21:53.856,5.93318,5.93481,1.70,2.78
2012.05.17 05:21:54.085,5.93318,5.93481,1.70,2.78
2012.05.17 05:21:54.152,5.93318,5.93481,1.70,2.78
2012.05.17 05:21:54.462,5.93318,5.93481,1.70,2.78
2012.05.17 05:21:54.678,5.93318,5.93481,1.70,2.78
2012.05.17 05:21:55.613,5.93318,5.93481,1.70,2.78
2012.05.17 05:21:58.785,5.93318,5.93481,1.70,2.78
2012.05.17 05:21:59.626,5.93231,5.9347,2.78,1.50
2012.05.17 05:22:00.665,5.93231,5.9347,2.78,1.50
2012.05.17 05:22:00.796,5.93231,5.9347,2.78,1.50
2012.05.17 05:22:00.984,5.93231,5.93451,2.03,1.50
2012.05.17 05:22:01.057,5.93231,5.93451,2.03,1.50
2012.05.17 05:22:01.127,5.93228,5.93448,1.70,2.78
2012.05.17 05:22:01.389,5.93228,5.93448,1.70,2.78
2012.05.17 05:22:01.704,5.93228,5.93448,1.70,2.78
2012.05.17 05:22:02.149,5.9323,5.93451,2.03,1.50
2012.05.17 05:22:02.275,5.9323,5.93451,2.03,1.50
2012.05.17 05:22:02.997,5.9323,5.93468,2.78,1.50
2012.05.17 05:22:03.123,5.9323,5.93468,2.78,1.50
2012.05.17 05:22:04.385,5.93228,5.93468,2.45,1.50
2012.05.17 05:22:04.460,5.93228,5.9343,1.70,2.78
2012.05.17 05:22:04.863,5.93228,5.9343,1.70,2.78
2012.05.17 05:22:05.343,5.93228,5.9343,1.70,2.78
2012.05.17 05:22:05.414,5.93228,5.9343,1.70,2.78
2012.05.17 05:22:05.602,5.93228,5.9343,1.70,2.78
2012.05.17 05:22:05.793,5.93228,5.9343,1.70,2.78
2012.05.17 05:22:06.133,5.93228,5.9343,1.70,2.78
2012.05.17 05:22:06.384,5.93228,5.9343,1.70,2.78
2012.05.17 05:22:06.456,5.93228,5.9343,1.70,2.78
2012.05.17 05:22:08.801,5.9318,5.9343,2.78,2.78
2012.05.17 05:22:09.468,5.9318,5.9343,2.78,2.78
2012.05.17 05:22:09.594,5.9318,5.93414,2.78,1.50
2012.05.17 05:22:09.784,5.9318,5.93414,2.78,1.50
2012.05.17 05:22:09.853,5.9318,5.93414,2.78,1.50
2012.05.17 05:22:10.167,5.93158,5.93396,2.45,2.78
2012.05.17 05:22:10.233,5.93158,5.93396,2.45,2.78
2012.05.17 05:22:13.317,5.93158,5.93396,2.45,2.78
2012.05.17 05:22:13.806,5.93158,5.93396,2.45,2.78
2012.05.17 05:22:14.467,5.93158,5.93396,2.45,2.78
2012.05.17 05:22:14.533,5.93158,5.93396,2.45,2.78
2012.05.17 05:22:16.956,5.93158,5.93396,2.45,2.78
2012.05.17 05:22:18.765,5.93158,5.93396,2.45,2.78
2012.05.17 05:22:19.015,5.93186,5.93414,2.78,1.50
2012.05.17 05:22:19.142,5.93186,5.93414,2.78,1.50
2012.05.17 05:22:19.212,5.93186,5.93426,2.78,1.50
2012.05.17 05:22:19.763,5.93186,5.93434,2.78,2.78
2012.05.17 05:22:19.906,5.93186,5.93434,2.78,2.78
2012.05.17 05:22:20.600,5.93219,5.93442,2.78,2.67
2012.05.17 05:22:20.685,5.93219,5.93442,2.78,2.67
2012.05.17 05:22:21.625,5.93219,5.93442,2.78,2.67
2012.05.17 05:22:23.536,5.93219,5.93442,2.78,2.67
2012.05.17 05:22:30.914,5.93219,5.93442,2.78,2.67
2012.05.17 05:22:32.582,5.93219,5.93442,2.78,2.67
2012.05.17 05:22:33.046,5.93219,5.93442,2.78,2.67
2012.05.17 05:22:33.913,5.93219,5.93442,2.78,2.67
2012.05.17 05:22:33.984,5.93219,5.93442,2.78,2.67
2012.05.17 05:22:35.165,5.93219,5.93442,2.78,2.67
2012.05.17 05:22:36.014,5.93185,5.93428,2.78,1.50
2012.05.17 05:22:36.185,5.93185,5.93428,2.78,1.50
2012.05.17 05:22:36.523,5.93185,5.93428,2.78,1.50
2012.05.17 05:22:36.855,5.93185,5.93428,2.78,1.50
2012.05.17 05:22:37.256,5.93185,5.93428,2.78,1.50
2012.05.17 05:22:43.185,5.93185,5.93428,2.78,1.50
2012.05.17 05:22:43.314,5.93185,5.93435,2.78,2.78
2012.05.17 05:22:43.622,5.93185,5.93428,2.78,1.50
2012.05.17 05:22:43.695,5.93185,5.93428,2.78,1.50
2012.05.17 05:22:44.335,5.93185,5.93428,2.78,1.50
2012.05.17 05:22:47.965,5.93185,5.93428,2.78,1.50
2012.05.17 05:22:48.513,5.93185,5.93428,2.78,1.50
2012.05.17 05:22:48.788,5.93185,5.93428,2.78,1.50
2012.05.17 05:22:52.609,5.93185,5.93428,2.78,1.50
2012.05.17 05:22:52.804,5.93185,5.93435,2.78,2.78
2012.05.17 05:22:55.066,5.93185,5.93435,2.78,2.78
2012.05.17 05:22:55.994,5.93185,5.93435,2.78,2.78
2012.05.17 05:23:08.155,5.93185,5.93435,2.78,2.78
2012.05.17 05:23:08.222,5.93185,5.93435,2.78,2.78
2012.05.17 05:23:09.357,5.93185,5.93435,2.78,2.78
2012.05.17 05:23:12.005,5.93216,5.93442,2.78,2.67
2012.05.17 05:23:12.225,5.93216,5.93442,2.78,2.67
2012.05.17 05:23:12.533,5.93216,5.93442,2.78,2.67
2012.05.17 05:23:12.603,5.93216,5.93441,2.78,1.50
2012.05.17 05:23:13.932,5.93216,5.93441,2.78,1.50
2012.05.17 05:23:14.872,5.93216,5.93442,2.78,2.67
2012.05.17 05:23:15.072,5.93216,5.93442,2.78,1.92
2012.05.17 05:23:15.404,5.93216,5.93442,2.78,1.92
2012.05.17 05:23:18.064,5.93252,5.93442,2.03,1.92
2012.05.17 05:23:18.785,5.93252,5.93442,2.78,1.92
2012.05.17 05:23:19.715,5.93252,5.93442,2.78,1.92
2012.05.17 05:23:20.025,5.93287,5.93442,2.03,1.92
2012.05.17 05:23:21.305,5.93287,5.93442,2.78,1.92
2012.05.17 05:23:23.765,5.93287,5.93462,2.78,1.92
2012.05.17 05:23:23.834,5.93287,5.93493,2.78,1.92
2012.05.17 05:23:23.939,5.93287,5.93512,2.78,2.67
2012.05.17 05:23:28.312,5.93287,5.93512,2.78,1.92
2012.05.17 05:23:33.673,5.93321,5.93512,2.03,1.92
2012.05.17 05:23:34.216,5.93321,5.93512,2.78,1.92
2012.05.17 05:23:41.795,5.93321,5.93553,2.78,2.67
2012.05.17 05:23:42.404,5.93321,5.93553,2.78,2.67
2012.05.17 05:23:47.962,5.93617,5.93833,3.00,1.92
2012.05.17 05:23:48.032,5.93619,5.93833,2.03,1.92
2012.05.17 05:23:48.103,5.93617,5.93833,2.25,1.92
2012.05.17 05:23:48.173,5.93617,5.93833,3.00,1.92
2012.05.17 05:23:48.304,5.93617,5.93821,2.25,2.03
2012.05.17 05:23:48.373,5.9349,5.93821,2.78,2.03
2012.05.17 05:23:49.303,5.9353,5.93781,2.78,2.03
2012.05.17 05:23:49.614,5.9353,5.93781,2.78,2.03
2012.05.17 05:23:49.685,5.9353,5.93781,2.78,2.03
2012.05.17 05:23:51.318,5.9353,5.93712,2.78,1.92
2012.05.17 05:23:52.014,5.93464,5.93712,2.78,1.92
2012.05.17 05:24:05.102,5.93464,5.93712,2.78,2.67
2012.05.17 05:24:06.033,5.93464,5.93712,2.78,1.92
2012.05.17 05:24:06.754,5.93464,5.93712,2.78,2.67
2012.05.17 05:24:08.621,5.93464,5.93712,2.78,1.92
2012.05.17 05:24:11.103,5.93464,5.93712,2.78,2.67
2012.05.17 05:24:17.987,5.93517,5.93712,2.03,2.67
2012.05.17 05:24:18.173,5.93481,5.93712,2.78,2.67
2012.05.17 05:24:19.124,5.93481,5.93712,2.78,1.92
2012.05.17 05:24:19.194,5.93481,5.93712,2.78,2.67
2012.05.17 05:24:38.485,5.93481,5.93712,2.78,2.67
2012.05.17 05:24:44.875,5.93481,5.93712,2.78,2.67
2012.05.17 05:24:51.989,5.93481,5.9373,2.03,2.78
2012.05.17 05:24:52.051,5.93481,5.9371,2.78,1.50
2012.05.17 05:24:56.483,5.93481,5.93712,2.78,1.50
2012.05.17 05:25:03.367,5.93517,5.93732,2.03,1.92
2012.05.17 05:25:03.863,5.93517,5.93732,2.03,2.67
2012.05.17 05:25:04.675,5.93517,5.93732,2.03,1.92
2012.05.17 05:25:06.876,5.93517,5.93752,2.03,2.67
2012.05.17 05:25:16.393,5.93517,5.93753,2.78,2.67
2012.05.17 05:25:16.470,5.93551,5.93783,2.03,2.67
2012.05.17 05:25:16.537,5.93551,5.93783,2.78,1.92
2012.05.17 05:25:16.606,5.93551,5.938,2.78,2.63
2012.05.17 05:25:16.675,5.93584,5.93802,2.03,3.27
2012.05.17 05:25:16.878,5.93584,5.93802,2.03,2.67
2012.05.17 05:25:22.986,5.93551,5.93802,2.78,4.70
2012.05.17 05:25:31.216,5.93585,5.93802,2.03,2.67
2012.05.17 05:25:35.418,5.93585,5.93802,2.78,1.92
2012.05.17 05:25:35.602,5.93585,5.93822,2.78,2.67
2012.05.17 05:25:39.106,5.93585,5.93803,2.78,1.92
2012.05.17 05:25:39.638,5.93616,5.93803,2.03,1.92
2012.05.17 05:25:39.955,5.93616,5.93803,2.78,1.92
2012.05.17 05:25:40.143,5.93616,5.93822,2.78,1.92
2012.05.17 05:25:40.213,5.93616,5.93867,2.78,2.03
2012.05.17 05:25:42.694,5.93616,5.93867,2.78,2.78
2012.05.17 05:25:43.964,5.93616,5.93863,2.78,1.50
2012.05.17 05:25:45.173,5.93616,5.93853,2.78,1.92
2012.05.17 05:25:57.557,5.93616,5.93863,2.78,1.50
2012.05.17 05:25:57.626,5.93616,5.93852,2.78,1.92
2012.05.17 05:26:03.975,5.93654,5.93852,2.03,1.92
2012.05.17 05:26:05.935,5.93619,5.93852,2.78,1.92
2012.05.17 05:26:06.415,5.93619,5.93852,2.78,2.67
2012.05.17 05:26:07.006,5.93619,5.93852,2.78,1.92
2012.05.17 05:26:08.986,5.93662,5.93852,2.03,1.92
2012.05.17 05:26:09.293,5.93662,5.93852,2.78,1.92
2012.05.17 05:26:13.489,5.93678,5.93852,3.00,1.92
2012.05.17 05:26:13.607,5.93678,5.93852,3.00,1.92
2012.05.17 05:26:13.804,5.93678,5.93852,3.00,1.92
2012.05.17 05:26:14.093,5.93678,5.93852,2.25,1.92
2012.05.17 05:26:14.226,5.93687,5.93852,3.00,1.92
2012.05.17 05:26:18.936,5.93668,5.93822,2.78,1.92
2012.05.17 05:26:19.557,5.93668,5.93985,2.78,1.50
2012.05.17 05:26:22.485,5.93678,5.93964,2.78,2.03
2012.05.17 05:26:22.555,5.93678,5.93964,2.78,2.03
2012.05.17 05:26:22.773,5.93678,5.93964,2.78,2.03
2012.05.17 05:26:22.937,5.93678,5.93964,2.78,2.03
2012.05.17 05:26:25.035,5.93678,5.93964,2.78,2.78
2012.05.17 05:26:37.972,5.9369,5.93975,2.78,1.50
2012.05.17 05:26:38.043,5.93688,5.93957,3.00,2.03
2012.05.17 05:26:38.945,5.93687,5.93957,5.03,2.78
2012.05.17 05:26:39.134,5.93718,5.93975,2.78,1.50
2012.05.17 05:26:42.903,5.93718,5.93976,2.78,2.78
2012.05.17 05:26:42.973,5.93718,5.93976,2.78,2.03
2012.05.17 05:26:43.163,5.93718,5.93976,2.78,2.03
2012.05.17 05:26:43.535,5.9375,5.93993,2.78,1.92
2012.05.17 05:26:46.437,5.9375,5.93993,2.78,1.92
2012.05.17 05:26:48.038,5.9375,5.93973,2.78,1.92
2012.05.17 05:26:52.007,5.93758,5.93942,3.00,1.92
2012.05.17 05:26:52.073,5.93758,5.94,3.00,2.03
2012.05.17 05:26:52.144,5.93785,5.94022,2.78,1.92
2012.05.17 05:26:52.705,5.93785,5.94036,2.78,2.78
2012.05.17 05:26:54.898,5.93785,5.94036,2.78,2.78
2012.05.17 05:26:56.532,5.93785,5.94036,2.78,2.78
2012.05.17 05:26:57.056,5.93785,5.94036,2.78,2.03
2012.05.17 05:26:57.125,5.93785,5.94036,2.78,2.03
2012.05.17 05:26:57.195,5.93822,5.94052,2.78,1.92
2012.05.17 05:26:58.249,5.93822,5.9407,2.78,1.50
2012.05.17 05:27:01.342,5.9386,5.9407,2.03,1.50
2012.05.17 05:27:01.724,5.9386,5.94082,2.03,1.50
2012.05.17 05:27:02.304,5.93894,5.94102,2.03,2.67
2012.05.17 05:27:05.944,5.93858,5.94083,2.03,1.50
2012.05.17 05:27:07.413,5.93858,5.94022,2.03,2.25
2012.05.17 05:27:07.774,5.93818,5.9395,2.45,2.63
2012.05.17 05:27:08.524,5.93643,5.93853,2.03,1.92
2012.05.17 05:27:09.378,5.93677,5.93853,2.03,1.92
2012.05.17 05:27:11.805,5.93668,5.93853,2.78,1.92
2012.05.17 05:27:11.879,5.93668,5.93853,2.78,1.92
2012.05.17 05:27:17.433,5.93695,5.93853,2.03,1.92
2012.05.17 05:27:17.707,5.93695,5.93943,2.03,2.78
2012.05.17 05:27:17.927,5.93695,5.93852,2.03,1.92
2012.05.17 05:27:19.487,5.93695,5.93872,2.03,1.92
2012.05.17 05:27:31.297,5.93659,5.93872,2.78,1.92
2012.05.17 05:27:42.875,5.93659,5.93872,2.78,1.92
2012.05.17 05:27:46.878,5.93695,5.93872,2.78,1.92
2012.05.17 05:27:47.184,5.93695,5.93872,2.78,1.92
2012.05.17 05:27:47.253,5.93695,5.93946,2.78,2.03
2012.05.17 05:27:47.755,5.93695,5.93946,2.78,2.03
2012.05.17 05:27:53.523,5.93734,5.93972,2.78,2.67
2012.05.17 05:28:07.747,5.93727,5.9395,1.50,2.03
2012.05.17 05:28:07.934,5.93707,5.9395,1.50,2.78
2012.05.17 05:28:08.007,5.93678,5.93891,1.70,2.78
2012.05.17 05:28:08.316,5.93678,5.93891,2.45,2.03
2012.05.17 05:28:08.505,5.93678,5.93891,1.70,2.03
2012.05.17 05:28:08.852,5.93641,5.93862,2.78,1.92
2012.05.17 05:28:10.984,5.9367,5.93862,1.50,1.92
2012.05.17 05:28:11.115,5.93682,5.93912,2.78,2.67
2012.05.17 05:28:11.307,5.93686,5.93912,1.50,2.67
2012.05.17 05:28:11.498,5.93682,5.93912,2.78,2.67
2012.05.17 05:28:11.564,5.93682,5.93912,2.03,2.67
2012.05.17 05:28:11.876,5.93682,5.93912,2.78,1.92
2012.05.17 05:28:12.125,5.93718,5.93968,2.78,2.78
2012.05.17 05:28:12.454,5.93718,5.93968,2.78,2.03
2012.05.17 05:28:12.646,5.93751,5.93973,2.78,1.92
2012.05.17 05:28:15.185,5.93751,5.93973,2.03,2.67
2012.05.17 05:28:15.253,5.93709,5.93957,2.78,2.78
2012.05.17 05:28:15.382,5.93709,5.93957,2.03,2.78
2012.05.17 05:28:15.513,5.93749,5.93973,2.78,1.92
2012.05.17 05:28:20.365,5.93749,5.93973,2.03,2.67
2012.05.17 05:28:20.494,5.93704,5.93953,2.78,2.78
2012.05.17 05:28:20.564,5.93704,5.93953,2.03,2.78
2012.05.17 05:28:20.824,5.93749,5.93973,2.78,1.92
2012.05.17 05:28:21.014,5.93749,5.93973,2.78,1.92
2012.05.17 05:28:21.283,5.93749,5.93972,2.78,1.92
2012.05.17 05:28:23.636,5.93749,5.93972,2.03,2.67
2012.05.17 05:28:23.776,5.93703,5.93954,2.03,2.78
2012.05.17 05:28:25.432,5.93707,5.93954,1.70,2.78
2012.05.17 05:28:25.553,5.93747,5.93972,2.78,1.92
2012.05.17 05:28:31.983,5.93791,5.93972,2.78,1.92
2012.05.17 05:28:32.054,5.93791,5.94039,2.78,2.03
2012.05.17 05:28:35.905,5.93791,5.94032,2.78,2.85
2012.05.17 05:28:35.977,5.93718,5.93942,2.03,2.67
2012.05.17 05:28:36.345,5.93718,5.93942,2.63,2.67
2012.05.17 05:28:36.543,5.93793,5.94061,2.78,2.78
2012.05.17 05:28:36.735,5.93793,5.94061,2.78,2.03
2012.05.17 05:28:37.301,5.93793,5.94002,2.78,1.92
2012.05.17 05:28:40.198,5.93793,5.93983,2.78,1.92
2012.05.17 05:28:44.001,5.93758,5.93963,2.78,1.92
2012.05.17 05:28:44.316,5.93758,5.93912,2.03,1.92
2012.05.17 05:28:44.564,5.93758,5.93912,2.78,1.92
2012.05.17 05:28:45.196,5.93758,5.93912,2.78,1.92
2012.05.17 05:28:45.747,5.93726,5.93912,2.78,1.92
2012.05.17 05:28:46.083,5.93726,5.93912,2.78,1.92
2012.05.17 05:29:08.533,5.93726,5.93912,2.78,1.92
2012.05.17 05:29:08.663,5.93726,5.93912,2.78,1.92
2012.05.17 05:29:08.796,5.93726,5.93912,2.78,1.92
2012.05.17 05:29:08.866,5.93726,5.93912,2.78,1.92
2012.05.17 05:29:09.157,5.93726,5.93912,2.78,1.92
2012.05.17 05:29:11.205,5.93726,5.93893,2.78,1.92
2012.05.17 05:29:18.815,5.93764,5.93893,2.78,1.92
2012.05.17 05:29:19.125,5.93764,5.93893,2.78,1.92
2012.05.17 05:29:21.564,5.93764,5.94035,2.78,2.03
2012.05.17 05:29:23.867,5.93796,5.94023,2.78,1.92
2012.05.17 05:29:27.994,5.93796,5.94023,2.78,1.92
2012.05.17 05:29:28.186,5.93796,5.94023,2.78,1.92
2012.05.17 05:29:28.403,5.93796,5.94023,2.03,1.92
2012.05.17 05:29:28.564,5.93796,5.94023,2.78,1.92
2012.05.17 05:29:43.784,5.93862,5.94042,2.78,1.92
2012.05.17 05:29:43.856,5.93862,5.94042,2.78,1.92
2012.05.17 05:30:02.314,5.93931,5.94003,2.03,2.03
2012.05.17 05:30:02.886,5.93912,5.93984,2.03,2.03
2012.05.17 05:30:03.194,5.93928,5.94,2.03,2.03
2012.05.17 05:30:03.264,5.93909,5.93983,2.03,2.03
2012.05.17 05:30:03.334,5.93925,5.93997,2.03,2.03
2012.05.17 05:30:04.486,5.93903,5.94019,2.03,2.03
2012.05.17 05:30:19.923,5.93889,5.94004,2.03,2.03
2012.05.17 05:30:27.473,5.93901,5.94014,2.03,2.03
2012.05.17 05:30:31.800,5.93884,5.94,2.78,2.03
2012.05.17 05:30:32.251,5.93869,5.93985,2.78,2.03
2012.05.17 05:30:33.723,5.93885,5.93999,2.78,2.03
2012.05.17 05:30:34.578,5.93885,5.93999,2.03,2.03
2012.05.17 05:30:42.822,5.939,5.94016,2.03,2.03
2012.05.17 05:30:44.611,5.9388,5.93994,2.03,2.03
2012.05.17 05:30:45.281,5.93897,5.94013,2.03,2.03
2012.05.17 05:30:45.551,5.9388,5.93996,2.03,2.03
2012.05.17 05:30:45.892,5.93901,5.94017,2.03,2.03
2012.05.17 05:30:46.271,5.93883,5.93999,2.03,2.03
2012.05.17 05:30:46.601,5.93903,5.94018,2.03,2.03
2012.05.17 05:30:46.871,5.93888,5.94004,2.03,2.03
2012.05.17 05:30:47.101,5.93903,5.94018,2.03,2.03
2012.05.17 05:30:47.885,5.93889,5.94003,2.03,2.03
2012.05.17 05:30:48.265,5.93886,5.94,2.03,2.03
2012.05.17 05:30:49.303,5.93904,5.9402,2.03,2.03
2012.05.17 05:30:49.373,5.93923,5.94037,2.03,2.03
2012.05.17 05:30:50.137,5.93938,5.94052,2.03,2.03
2012.05.17 05:30:50.688,5.93919,5.94033,2.03,2.03
2012.05.17 05:30:52.405,5.939,5.94022,2.03,2.03
2012.05.17 05:30:52.674,5.939,5.94022,2.78,2.03
2012.05.17 05:30:52.743,5.939,5.94022,2.03,2.03
2012.05.17 05:30:55.715,5.9392,5.94038,2.03,2.03
2012.05.17 05:30:56.255,5.93904,5.94024,2.78,2.03
2012.05.17 05:30:56.384,5.93921,5.94039,2.03,2.03
2012.05.17 05:30:56.633,5.93905,5.94023,2.03,2.03
2012.05.17 05:30:56.943,5.93921,5.94039,2.03,2.03
2012.05.17 05:30:57.313,5.939,5.94018,2.03,2.03
2012.05.17 05:30:57.623,5.93916,5.94034,2.03,2.03
2012.05.17 05:30:57.694,5.93899,5.94019,2.03,2.03
2012.05.17 05:31:01.635,5.93914,5.94033,2.03,2.03
2012.05.17 05:31:03.664,5.939,5.94018,2.03,2.03
2012.05.17 05:31:04.034,5.93886,5.94,2.78,2.03
2012.05.17 05:31:12.757,5.93872,5.93985,2.78,2.03
2012.05.17 05:31:13.321,5.93856,5.9397,2.78,2.03
2012.05.17 05:31:13.385,5.9387,5.93986,2.78,2.03
2012.05.17 05:31:14.186,5.9387,5.93986,2.78,2.03
2012.05.17 05:31:14.313,5.9387,5.93986,2.03,2.03
2012.05.17 05:31:17.543,5.9387,5.93986,2.78,2.03
2012.05.17 05:31:35.363,5.93886,5.94002,2.03,2.03
2012.05.17 05:31:43.287,5.93872,5.93985,2.78,2.03
2012.05.17 05:31:43.407,5.93888,5.94004,2.03,2.03
2012.05.17 05:31:43.997,5.93856,5.9397,2.03,2.03
2012.05.17 05:31:47.018,5.93838,5.93954,2.78,2.03
2012.05.17 05:31:52.366,5.93858,5.93972,2.03,2.03
2012.05.17 05:31:53.526,5.93842,5.93958,2.78,2.03
2012.05.17 05:32:06.575,5.93825,5.93941,2.78,2.03
2012.05.17 05:32:07.364,5.93842,5.93956,2.78,2.03
2012.05.17 05:32:14.357,5.9386,5.93974,2.03,2.03
2012.05.17 05:32:14.725,5.93874,5.9399,2.03,2.03
2012.05.17 05:32:15.128,5.93889,5.94005,2.03,2.03
2012.05.17 05:32:15.817,5.93905,5.94021,2.03,2.03
2012.05.17 05:32:16.246,5.93889,5.94005,2.03,2.03
2012.05.17 05:32:16.779,5.93874,5.9399,2.03,2.03
2012.05.17 05:32:31.306,5.93858,5.93972,2.03,2.03
2012.05.17 05:32:41.383,5.93858,5.93972,2.03,2.78
2012.05.17 05:32:41.574,5.93858,5.93972,2.03,2.03
2012.05.17 05:32:41.826,5.93837,5.93951,2.03,2.03
2012.05.17 05:32:41.956,5.93853,5.93969,2.03,2.03
2012.05.17 05:32:42.024,5.93853,5.93969,2.03,2.78
2012.05.17 05:32:42.214,5.93853,5.93969,2.03,2.03
2012.05.17 05:32:43.075,5.93853,5.93969,2.03,2.78
2012.05.17 05:32:43.225,5.93853,5.93969,2.03,2.03
2012.05.17 05:32:43.353,5.93853,5.93969,2.03,2.78
2012.05.17 05:32:43.427,5.93853,5.93969,2.03,2.03
2012.05.17 05:32:43.623,5.93853,5.93969,2.03,2.78
2012.05.17 05:32:43.735,5.93853,5.93969,2.03,2.03
2012.05.17 05:32:51.534,5.93839,5.93953,2.03,2.03
2012.05.17 05:32:52.156,5.93823,5.93937,2.03,2.03
2012.05.17 05:32:52.616,5.93838,5.93952,2.03,2.03
2012.05.17 05:33:41.900,5.93819,5.93935,2.03,2.03
2012.05.17 05:33:43.787,5.93838,5.93954,2.03,2.03
2012.05.17 05:33:44.532,5.93873,5.93986,2.03,2.03
2012.05.17 05:33:50.271,5.93899,5.94013,2.03,2.03
2012.05.17 05:34:07.855,5.93907,5.9403,2.03,2.03
2012.05.17 05:34:08.165,5.93922,5.94042,2.03,1.92
2012.05.17 05:34:08.570,5.93937,5.94042,2.03,1.92
2012.05.17 05:34:11.383,5.93919,5.94033,2.03,2.03
2012.05.17 05:34:26.523,5.93902,5.94018,2.03,2.03
2012.05.17 05:34:31.014,5.93884,5.93998,2.03,2.03
2012.05.17 05:34:31.145,5.93868,5.93984,2.03,2.03
2012.05.17 05:34:31.460,5.93845,5.93961,2.03,2.03
2012.05.17 05:34:32.133,5.93862,5.93977,2.03,2.03
2012.05.17 05:34:34.292,5.93846,5.93962,2.03,2.03
2012.05.17 05:34:34.844,5.93861,5.93977,2.03,2.03
2012.05.17 05:34:36.554,5.93869,5.93985,2.03,2.03
2012.05.17 05:34:36.883,5.93889,5.94003,2.03,2.03
2012.05.17 05:34:38.483,5.93868,5.93984,2.03,2.03
2012.05.17 05:34:38.696,5.93886,5.94,2.03,2.03
2012.05.17 05:34:49.063,5.93868,5.93984,2.03,2.03
2012.05.17 05:34:49.992,5.93854,5.93968,2.03,2.03
2012.05.17 05:34:53.208,5.93814,5.9393,2.03,2.03
2012.05.17 05:34:53.392,5.93805,5.93919,2.03,2.03
2012.05.17 05:34:53.537,5.93789,5.93905,2.03,2.03
2012.05.17 05:34:53.724,5.93774,5.9389,2.03,2.03
2012.05.17 05:34:54.404,5.93758,5.93872,1.70,2.03
2012.05.17 05:34:55.957,5.93777,5.93893,2.03,2.03
2012.05.17 05:34:58.653,5.93793,5.93909,2.03,2.03
2012.05.17 05:35:04.284,5.93775,5.93889,2.03,2.03
2012.05.17 05:35:04.593,5.9376,5.93874,2.03,2.03
2012.05.17 05:35:08.683,5.93773,5.93894,2.03,2.78
2012.05.17 05:35:10.288,5.93756,5.93874,2.03,2.03
2012.05.17 05:35:14.873,5.93759,5.93873,2.03,2.03
2012.05.17 05:35:23.543,5.93726,5.9384,2.03,2.03
2012.05.17 05:35:23.946,5.9375,5.93866,2.03,2.03
2012.05.17 05:35:25.247,5.93735,5.93851,2.03,2.03
2012.05.17 05:35:25.663,5.93754,5.9387,2.03,2.03
2012.05.17 05:35:28.773,5.9373,5.93844,2.03,2.03
2012.05.17 05:35:32.223,5.93713,5.93829,2.03,2.03
2012.05.17 05:35:33.824,5.93731,5.93844,2.03,2.03
2012.05.17 05:35:34.095,5.93745,5.93859,2.03,2.03
2012.05.17 05:35:39.317,5.93729,5.93845,2.03,2.03
2012.05.17 05:35:40.183,5.93709,5.93825,2.03,2.03
2012.05.17 05:35:40.796,5.93693,5.93809,2.03,2.03
2012.05.17 05:35:42.506,5.93712,5.93826,2.03,2.03
2012.05.17 05:35:42.975,5.93697,5.93811,2.03,2.03
2012.05.17 05:35:46.655,5.93711,5.93827,2.03,2.03
2012.05.17 05:35:46.906,5.93721,5.93835,2.03,2.03
2012.05.17 05:35:51.735,5.93683,5.93799,2.78,2.03
2012.05.17 05:35:52.335,5.93683,5.93799,2.78,2.03
2012.05.17 05:35:53.495,5.937,5.93814,2.03,2.03
2012.05.17 05:35:54.123,5.93678,5.93792,2.78,2.03
2012.05.17 05:36:03.924,5.93661,5.93775,2.78,2.03
2012.05.17 05:36:04.456,5.93678,5.93792,2.03,2.03
2012.05.17 05:36:10.386,5.93648,5.93764,5.03,2.03
2012.05.17 05:36:10.515,5.93648,5.93764,4.28,2.03
2012.05.17 05:36:10.588,5.93638,5.93745,2.45,2.03
2012.05.17 05:36:10.657,5.93638,5.93745,1.70,2.03
2012.05.17 05:36:10.726,5.93638,5.93748,1.70,2.03
2012.05.17 05:36:13.626,5.93638,5.9373,1.70,2.03
2012.05.17 05:36:13.972,5.93638,5.93715,1.70,2.03
2012.05.17 05:36:16.564,5.93638,5.9369,1.70,2.03
2012.05.17 05:36:18.015,5.93638,5.93672,1.70,2.03
2012.05.17 05:36:20.874,5.93638,5.93693,1.70,2.03
2012.05.17 05:36:21.833,5.93638,5.93708,1.70,2.03
2012.05.17 05:36:23.146,5.93638,5.93694,1.70,2.03
2012.05.17 05:36:24.074,5.93638,5.93709,1.70,2.03
2012.05.17 05:36:24.145,5.93638,5.93727,1.70,2.03
2012.05.17 05:36:24.479,5.93638,5.9371,1.70,2.03
2012.05.17 05:36:25.534,5.93638,5.93725,1.70,2.03
2012.05.17 05:36:26.097,5.93638,5.9374,1.70,2.03
2012.05.17 05:36:27.033,5.93642,5.93756,2.03,2.78
2012.05.17 05:36:27.424,5.93626,5.93742,2.03,2.03
2012.05.17 05:36:28.506,5.93594,5.93708,2.03,2.03
2012.05.17 05:36:28.755,5.93609,5.93724,2.03,2.03
2012.05.17 05:36:29.254,5.93591,5.93707,2.03,2.03
2012.05.17 05:36:30.985,5.93611,5.93725,2.03,2.03
2012.05.17 05:36:31.393,5.93626,5.93741,2.03,2.03
2012.05.17 05:36:32.227,5.93608,5.93722,2.03,2.03
2012.05.17 05:36:32.568,5.93589,5.93705,2.03,2.03
2012.05.17 05:36:33.066,5.93575,5.93689,2.03,2.03
2012.05.17 05:36:33.377,5.93589,5.93705,2.03,2.03
2012.05.17 05:36:33.806,5.93604,5.9372,2.03,2.03
2012.05.17 05:36:34.116,5.93619,5.93735,2.03,2.03
2012.05.17 05:36:34.652,5.93602,5.93716,2.03,2.03
2012.05.17 05:36:35.294,5.93583,5.93699,2.03,2.03
2012.05.17 05:36:39.328,5.93547,5.93663,2.03,2.03
2012.05.17 05:36:39.694,5.93532,5.93648,2.03,2.03
2012.05.17 05:36:43.156,5.93497,5.93612,2.03,2.03
2012.05.17 05:36:43.226,5.93518,5.93634,2.03,2.03
2012.05.17 05:36:43.357,5.93497,5.93613,2.03,2.03
2012.05.17 05:36:43.701,5.9351,5.93624,2.03,2.03
2012.05.17 05:36:44.185,5.93528,5.93644,2.03,2.03
2012.05.17 05:36:44.360,5.93497,5.93611,2.03,2.03
2012.05.17 05:36:45.976,5.93526,5.9364,2.03,2.03
2012.05.17 05:36:46.484,5.93526,5.93639,2.03,2.03
2012.05.17 05:36:46.556,5.93529,5.93644,2.03,2.03
2012.05.17 05:36:46.688,5.93543,5.93659,2.03,2.78
2012.05.17 05:36:47.458,5.93559,5.93673,2.03,2.78
2012.05.17 05:36:47.994,5.93541,5.93655,2.03,2.78
2012.05.17 05:36:49.527,5.93493,5.93609,2.03,2.03
2012.05.17 05:36:49.656,5.93498,5.93614,2.03,2.03
2012.05.17 05:36:49.987,5.93513,5.93627,2.03,2.03
2012.05.17 05:36:50.344,5.93529,5.93643,2.03,2.03
2012.05.17 05:36:52.585,5.93501,5.93616,2.03,2.03
2012.05.17 05:36:52.714,5.93517,5.93631,2.03,2.03
2012.05.17 05:36:53.763,5.93501,5.93616,2.03,2.03
2012.05.17 05:36:55.026,5.93487,5.93601,2.03,2.03
2012.05.17 05:36:56.744,5.93502,5.93618,2.03,2.03
2012.05.17 05:36:58.750,5.93502,5.93618,2.03,2.78
2012.05.17 05:36:58.814,5.93488,5.93601,2.03,2.03
2012.05.17 05:36:59.014,5.9347,5.93584,2.03,2.03
2012.05.17 05:37:00.945,5.93484,5.93599,2.03,2.03
2012.05.17 05:37:01.421,5.93464,5.9358,2.03,2.03
2012.05.17 05:37:01.726,5.93495,5.93608,2.03,2.78
2012.05.17 05:37:02.234,5.93508,5.93624,2.03,2.78
2012.05.17 05:37:02.303,5.93508,5.93624,2.03,2.03
2012.05.17 05:37:02.496,5.93508,5.93624,2.03,2.78
2012.05.17 05:37:02.564,5.93508,5.93624,2.03,2.78
2012.05.17 05:37:02.697,5.93508,5.93624,2.03,2.03
2012.05.17 05:37:02.764,5.93508,5.93624,2.03,2.78
2012.05.17 05:37:02.853,5.93508,5.93624,2.03,2.78
2012.05.17 05:37:03.256,5.93508,5.93624,2.03,2.78
2012.05.17 05:37:03.326,5.93495,5.93608,2.03,2.78
2012.05.17 05:37:03.513,5.93475,5.93591,2.03,2.03
2012.05.17 05:37:03.706,5.93475,5.93591,2.03,2.78
2012.05.17 05:37:03.893,5.93475,5.93591,2.03,2.03
2012.05.17 05:37:04.024,5.93475,5.93591,2.03,2.78
2012.05.17 05:37:04.238,5.93475,5.93591,2.03,2.03
2012.05.17 05:37:04.303,5.93475,5.93591,2.03,2.78
2012.05.17 05:37:04.625,5.93448,5.93557,1.70,2.78
2012.05.17 05:37:04.695,5.93448,5.93557,1.70,2.78
2012.05.17 05:37:04.827,5.93448,5.93557,1.70,2.03
2012.05.17 05:37:04.954,5.93458,5.93574,2.03,2.78
2012.05.17 05:37:05.025,5.93448,5.93557,1.70,2.03
2012.05.17 05:37:05.094,5.93448,5.93557,1.70,2.78
2012.05.17 05:37:05.168,5.93448,5.93557,1.70,2.03
2012.05.17 05:37:05.294,5.93448,5.93557,1.70,2.78
2012.05.17 05:37:05.464,5.93448,5.93557,1.70,2.03
2012.05.17 05:37:05.746,5.9346,5.93574,2.03,2.03
2012.05.17 05:37:05.814,5.9346,5.93574,2.03,2.78
2012.05.17 05:37:05.884,5.93448,5.93539,1.70,2.78
2012.05.17 05:37:05.954,5.93448,5.93539,1.70,2.03
2012.05.17 05:37:06.083,5.93448,5.93539,1.70,2.78
2012.05.17 05:37:06.216,5.93448,5.93539,1.70,2.03
2012.05.17 05:37:07.963,5.93448,5.93522,1.70,2.03
2012.05.17 05:37:08.371,5.93448,5.93538,1.70,2.03
2012.05.17 05:37:08.655,5.93448,5.93554,1.70,2.78
2012.05.17 05:37:09.655,5.93448,5.93538,1.70,2.03
2012.05.17 05:37:10.408,5.93448,5.93523,1.70,2.03
2012.05.17 05:37:11.040,5.93448,5.93541,1.70,2.03
2012.05.17 05:37:11.384,5.93457,5.93573,2.03,2.78
2012.05.17 05:37:11.515,5.93457,5.93573,2.03,2.78
2012.05.17 05:37:12.656,5.93457,5.93573,2.03,2.78
2012.05.17 05:37:14.485,5.93481,5.93597,2.03,2.78
2012.05.17 05:37:14.615,5.93481,5.93597,2.03,2.03
2012.05.17 05:37:14.685,5.93499,5.93612,2.03,2.78
2012.05.17 05:37:14.875,5.93499,5.93612,2.03,2.03
2012.05.17 05:37:15.066,5.93516,5.9363,2.03,2.03
2012.05.17 05:37:16.708,5.935,5.93616,2.03,2.03
2012.05.17 05:37:17.959,5.93483,5.93599,2.03,2.03
2012.05.17 05:37:23.355,5.93501,5.93614,2.03,2.03
2012.05.17 05:37:28.305,5.93462,5.93576,2.78,2.03
2012.05.17 05:37:28.434,5.93462,5.93576,2.03,2.03
2012.05.17 05:37:28.953,5.93461,5.93577,2.03,2.03
2012.05.17 05:37:32.644,5.93477,5.9359,2.03,2.03
2012.05.17 05:37:32.774,5.93491,5.93607,2.03,2.03
2012.05.17 05:37:33.024,5.93509,5.93625,2.03,2.03
2012.05.17 05:37:34.603,5.93509,5.93625,2.03,2.78
2012.05.17 05:37:34.673,5.93484,5.936,2.03,2.03
2012.05.17 05:37:34.745,5.93459,5.93575,2.03,2.03
2012.05.17 05:37:36.474,5.93475,5.93589,2.03,2.03
2012.05.17 05:37:42.804,5.93454,5.93568,2.03,2.03
2012.05.17 05:37:47.145,5.93473,5.93591,2.03,2.03
2012.05.17 05:37:47.396,5.93458,5.9358,2.03,2.03
2012.05.17 05:37:47.464,5.93437,5.9355,2.25,2.03
2012.05.17 05:37:47.536,5.93432,5.9355,2.03,2.03
2012.05.17 05:37:47.604,5.93427,5.93533,1.70,2.03
2012.05.17 05:37:47.737,5.93427,5.93548,1.70,2.03
2012.05.17 05:37:47.864,5.93427,5.93524,1.70,2.03
2012.05.17 05:37:48.114,5.93406,5.93524,2.03,2.03
2012.05.17 05:37:48.184,5.93421,5.93535,2.03,2.03
2012.05.17 05:37:49.290,5.93421,5.93535,2.03,2.78
2012.05.17 05:37:49.792,5.93421,5.93535,2.03,2.78
2012.05.17 05:37:49.950,5.93421,5.93535,2.03,2.03
2012.05.17 05:37:50.060,5.93421,5.93535,2.03,2.78
2012.05.17 05:37:50.611,5.93421,5.93535,2.03,2.78
2012.05.17 05:37:51.293,5.93421,5.93535,2.03,2.78
2012.05.17 05:37:51.474,5.93421,5.93535,2.03,2.03
2012.05.17 05:37:51.964,5.93439,5.93555,2.03,2.78
2012.05.17 05:37:52.099,5.93439,5.93555,2.03,2.03
2012.05.17 05:37:52.224,5.93439,5.93555,2.03,2.78
2012.05.17 05:37:52.536,5.93458,5.93572,2.03,2.78
2012.05.17 05:37:52.789,5.93458,5.93572,2.03,2.03
2012.05.17 05:37:53.094,5.93458,5.93572,2.03,2.78
2012.05.17 05:37:53.282,5.93458,5.93572,2.03,2.03
2012.05.17 05:37:53.413,5.93458,5.93572,2.03,2.78
2012.05.17 05:37:53.856,5.93474,5.93588,2.03,2.03
2012.05.17 05:37:53.925,5.93456,5.93571,2.03,2.03
2012.05.17 05:37:56.094,5.93413,5.93529,2.78,2.03
2012.05.17 05:37:56.824,5.93413,5.93529,2.03,2.03
2012.05.17 05:37:57.757,5.93397,5.93512,2.03,2.03
2012.05.17 05:38:00.654,5.93413,5.93527,2.03,2.03
2012.05.17 05:38:02.599,5.93397,5.93513,2.03,2.03
2012.05.17 05:38:08.437,5.93397,5.93513,2.03,2.78
2012.05.17 05:38:08.506,5.93365,5.93479,2.03,2.03
2012.05.17 05:38:09.303,5.9338,5.93493,2.03,2.03
2012.05.17 05:38:11.147,5.9338,5.93493,2.03,2.78
2012.05.17 05:38:11.218,5.93354,5.9347,2.03,2.03
2012.05.17 05:38:11.349,5.93371,5.93485,2.03,2.03
2012.05.17 05:38:14.422,5.93388,5.93502,2.03,2.78
2012.05.17 05:38:15.525,5.93354,5.9347,2.03,2.03
2012.05.17 05:38:15.837,5.93371,5.93485,2.03,2.03
2012.05.17 05:38:16.154,5.93386,5.935,2.03,2.03
2012.05.17 05:38:17.564,5.93371,5.93486,2.03,2.03
2012.05.17 05:38:19.645,5.93345,5.93461,2.03,2.03
2012.05.17 05:38:20.114,5.93363,5.93479,2.03,2.03
2012.05.17 05:38:20.645,5.93347,5.93462,2.03,2.03
2012.05.17 05:38:20.957,5.93347,5.93462,2.03,2.78
2012.05.17 05:38:21.025,5.93347,5.93462,2.03,2.03
2012.05.17 05:38:21.094,5.93347,5.93462,2.03,2.78
2012.05.17 05:38:21.334,5.93347,5.93462,2.03,2.03
2012.05.17 05:38:21.402,5.93347,5.93462,2.03,2.78
2012.05.17 05:38:21.796,5.93328,5.93443,2.03,2.78
2012.05.17 05:38:22.124,5.93328,5.93443,2.03,2.03
2012.05.17 05:38:22.265,5.93304,5.9342,2.78,2.03
2012.05.17 05:38:22.335,5.93273,5.93389,2.78,2.03
2012.05.17 05:38:22.403,5.93273,5.93389,2.03,2.03
2012.05.17 05:38:22.719,5.93267,5.93373,2.25,2.03
2012.05.17 05:38:23.474,5.93259,5.93373,2.78,2.03
2012.05.17 05:38:23.543,5.93244,5.93358,2.78,2.03
2012.05.17 05:38:23.615,5.93244,5.93358,2.03,2.03
2012.05.17 05:38:25.754,5.93228,5.93344,2.03,2.03
2012.05.17 05:38:25.825,5.93218,5.93327,2.25,2.03
2012.05.17 05:38:26.420,5.93218,5.93327,2.25,2.78
2012.05.17 05:38:26.617,5.93199,5.93314,2.03,2.03
2012.05.17 05:38:26.746,5.9322,5.93334,2.03,2.78
2012.05.17 05:38:27.305,5.9322,5.93334,2.03,2.03
2012.05.17 05:38:27.504,5.9324,5.93353,2.03,2.78
2012.05.17 05:38:27.936,5.93208,5.93323,2.03,2.78
2012.05.17 05:38:28.324,5.93222,5.93338,2.03,2.78
2012.05.17 05:38:28.398,5.93238,5.93352,2.03,2.03
2012.05.17 05:38:28.934,5.93253,5.93367,2.03,2.78
2012.05.17 05:38:29.513,5.93253,5.93367,2.03,2.03
2012.05.17 05:38:31.240,5.93269,5.93383,2.03,2.03
2012.05.17 05:38:31.888,5.93252,5.93368,2.03,2.03
2012.05.17 05:38:33.486,5.93267,5.93382,2.03,2.78
2012.05.17 05:38:37.992,5.93251,5.93364,2.03,2.03
2012.05.17 05:38:42.974,5.93266,5.93382,2.03,2.78
2012.05.17 05:38:45.024,5.93228,5.93442,1.70,2.78
2012.05.17 05:38:45.154,5.93228,5.93442,1.70,2.03
2012.05.17 05:38:45.285,5.93228,5.93442,2.45,2.03
2012.05.17 05:38:45.593,5.93228,5.93418,2.45,2.03
2012.05.17 05:38:45.664,5.93228,5.93435,2.45,2.03
2012.05.17 05:38:45.792,5.93228,5.93435,2.45,2.03
2012.05.17 05:38:46.672,5.93198,5.9342,2.78,2.03
2012.05.17 05:38:48.103,5.93182,5.93402,2.78,2.03
2012.05.17 05:38:48.505,5.93182,5.93402,2.78,2.78
2012.05.17 05:38:48.573,5.93182,5.93402,2.78,2.78
2012.05.17 05:38:48.762,5.93182,5.93402,2.78,2.78
2012.05.17 05:38:48.833,5.93182,5.93402,2.78,2.78
2012.05.17 05:38:49.223,5.93182,5.93402,2.78,2.78
2012.05.17 05:38:49.293,5.93182,5.93402,2.78,2.78
2012.05.17 05:38:49.362,5.93182,5.93402,2.78,2.78
2012.05.17 05:38:49.673,5.93211,5.93433,2.03,2.78
2012.05.17 05:38:49.803,5.93211,5.93433,2.78,2.78
2012.05.17 05:38:49.935,5.93228,5.93443,2.03,2.67
2012.05.17 05:38:50.009,5.93228,5.93443,2.03,2.67
2012.05.17 05:38:50.132,5.93211,5.93431,2.03,2.78
2012.05.17 05:38:51.472,5.93211,5.93431,2.03,2.78
2012.05.17 05:38:51.542,5.93211,5.93431,2.78,2.78
2012.05.17 05:38:51.732,5.93211,5.93431,2.78,2.78
2012.05.17 05:38:52.199,5.93211,5.93431,2.78,2.78
2012.05.17 05:38:52.513,5.93194,5.93415,2.78,2.78
2012.05.17 05:38:52.764,5.93214,5.93436,2.03,2.78
2012.05.17 05:38:52.834,5.93214,5.93436,2.03,2.78
2012.05.17 05:38:52.904,5.93214,5.93436,2.03,2.78
2012.05.17 05:38:53.194,5.93214,5.93436,2.03,2.78
2012.05.17 05:38:53.441,5.93231,5.93443,2.03,2.67
2012.05.17 05:38:53.622,5.93231,5.93443,2.03,2.67
2012.05.17 05:38:53.693,5.93231,5.93443,2.03,2.67
2012.05.17 05:38:54.253,5.93231,5.93443,2.03,2.67
2012.05.17 05:38:54.323,5.93231,5.93443,2.03,2.67
2012.05.17 05:38:54.452,5.93231,5.93443,2.03,2.67
2012.05.17 05:38:54.802,5.93231,5.93443,2.03,2.67
2012.05.17 05:38:54.863,5.93231,5.93443,2.03,2.67
2012.05.17 05:38:54.992,5.93231,5.93443,2.03,2.67
2012.05.17 05:38:55.062,5.93231,5.93443,2.03,2.67
2012.05.17 05:38:55.635,5.93231,5.93443,2.78,2.67
2012.05.17 05:38:59.621,5.93256,5.93475,2.78,2.78
2012.05.17 05:39:02.435,5.93256,5.93475,2.78,2.78
2012.05.17 05:39:02.884,5.93256,5.93475,2.03,2.78
2012.05.17 05:39:03.016,5.93227,5.93446,2.03,2.78
2012.05.17 05:39:03.334,5.93196,5.93373,2.03,1.92
2012.05.17 05:39:05.168,5.93198,5.93373,2.03,1.92
2012.05.17 05:39:05.535,5.93213,5.93373,2.03,1.92
2012.05.17 05:39:05.878,5.93228,5.93373,2.03,1.92
2012.05.17 05:39:07.536,5.93228,5.93403,2.03,1.92
2012.05.17 05:39:10.574,5.93228,5.93423,2.03,1.92
2012.05.17 05:39:24.154,5.93245,5.93423,2.03,1.92
2012.05.17 05:39:26.187,5.93245,5.93442,2.03,1.92
2012.05.17 05:39:26.574,5.93245,5.93422,2.03,1.92
2012.05.17 05:39:26.645,5.93229,5.93422,2.03,1.92
2012.05.17 05:39:33.164,5.93218,5.93422,2.25,1.92
2012.05.17 05:39:36.989,5.93212,5.93422,2.03,1.92
2012.05.17 05:39:38.967,5.93217,5.93422,2.25,1.92
2012.05.17 05:40:00.377,5.93229,5.93422,2.03,1.92
2012.05.17 05:40:01.384,5.93237,5.93422,2.25,1.92
2012.05.17 05:40:01.693,5.93237,5.93422,3.00,1.92
2012.05.17 05:40:06.425,5.93252,5.93422,2.78,1.92
2012.05.17 05:40:06.738,5.93252,5.93422,2.78,1.92
2012.05.17 05:40:07.515,5.93267,5.93472,3.00,1.92
2012.05.17 05:40:11.874,5.93267,5.93457,3.00,2.03
2012.05.17 05:40:12.005,5.93248,5.93457,3.00,2.03
2012.05.17 05:40:12.454,5.93257,5.93472,3.00,3.95
2012.05.17 05:40:15.123,5.93257,5.93443,3.00,1.92
2012.05.17 05:40:18.165,5.93257,5.93443,3.00,1.92
2012.05.17 05:40:20.254,5.93238,5.93443,3.00,1.92
2012.05.17 05:40:24.455,5.93238,5.93422,3.00,1.92
2012.05.17 05:40:25.394,5.93238,5.93422,3.00,1.92
2012.05.17 05:40:26.173,5.93238,5.93423,3.00,1.92
2012.05.17 05:40:32.055,5.93238,5.93443,3.00,1.92
2012.05.17 05:40:34.973,5.93238,5.93443,3.00,1.92
2012.05.17 05:40:35.860,5.93257,5.93443,3.00,1.92
2012.05.17 05:40:36.305,5.93257,5.93443,3.00,1.92
2012.05.17 05:40:36.374,5.93237,5.93422,3.00,1.92
2012.05.17 05:40:38.447,5.93237,5.93443,3.00,1.92
2012.05.17 05:40:48.127,5.93237,5.93423,3.00,1.92
2012.05.17 05:40:48.714,5.93237,5.93422,3.00,1.92
2012.05.17 05:40:51.355,5.93266,5.93422,2.78,1.92
2012.05.17 05:40:51.708,5.93287,5.93422,3.00,1.92
2012.05.17 05:40:52.418,5.93287,5.93422,3.00,1.92
2012.05.17 05:40:53.193,5.93288,5.93442,3.00,1.92
2012.05.17 05:40:53.507,5.93288,5.93473,3.00,1.92
2012.05.17 05:40:57.084,5.93287,5.93492,3.00,1.92
2012.05.17 05:40:58.486,5.93287,5.93492,3.00,1.92
2012.05.17 05:41:00.223,5.93287,5.93473,3.00,1.92
2012.05.17 05:41:00.294,5.93287,5.93473,3.00,1.92
2012.05.17 05:41:39.424,5.93288,5.93472,3.00,2.03
2012.05.17 05:41:39.732,5.93277,5.93472,3.00,2.03
2012.05.17 05:41:39.862,5.93288,5.93472,3.00,2.03
2012.05.17 05:41:43.563,5.93288,5.93457,3.00,2.03
2012.05.17 05:41:43.754,5.93258,5.93457,3.00,2.03
2012.05.17 05:41:43.884,5.93257,5.93457,3.00,2.03
2012.05.17 05:41:47.363,5.93257,5.93457,3.00,2.03
2012.05.17 05:41:47.432,5.93257,5.93439,3.00,2.03
2012.05.17 05:41:48.083,5.93247,5.93453,3.00,2.03
2012.05.17 05:41:50.425,5.93257,5.93453,3.00,2.03
2012.05.17 05:41:50.743,5.93257,5.93436,3.00,2.03
2012.05.17 05:41:54.745,5.93257,5.93452,3.00,2.03
2012.05.17 05:41:54.812,5.93257,5.93452,3.00,2.78
2012.05.17 05:41:55.222,5.93257,5.93452,3.00,2.03
2012.05.17 05:41:56.573,5.93248,5.93452,3.00,2.03
2012.05.17 05:41:58.163,5.93258,5.93443,3.00,1.92
2012.05.17 05:41:58.671,5.93257,5.93443,3.00,1.92
2012.05.17 05:42:13.613,5.93271,5.93443,2.78,1.92
2012.05.17 05:42:15.423,5.93271,5.93443,2.78,1.92
2012.05.17 05:42:18.077,5.93271,5.93443,2.78,1.92
2012.05.17 05:42:28.160,5.93291,5.93443,2.78,1.92
2012.05.17 05:42:30.704,5.93387,5.93495,2.25,2.03
2012.05.17 05:42:30.894,5.93387,5.93511,2.25,2.03
2012.05.17 05:42:30.966,5.93387,5.93531,2.25,2.03
2012.05.17 05:42:31.148,5.93387,5.93546,2.25,2.03
2012.05.17 05:42:39.257,5.93387,5.93565,2.25,2.03
2012.05.17 05:42:39.447,5.93397,5.93565,2.25,2.03
2012.05.17 05:42:39.848,5.93418,5.93565,2.25,2.03
2012.05.17 05:42:40.035,5.93418,5.9358,2.25,2.03
2012.05.17 05:42:40.105,5.93428,5.9358,2.25,2.03
2012.05.17 05:42:40.296,5.93418,5.9358,2.25,2.03
2012.05.17 05:42:40.391,5.93428,5.9358,2.25,2.03
2012.05.17 05:42:40.575,5.93428,5.936,2.25,2.03
2012.05.17 05:42:49.813,5.93428,5.93615,2.25,2.03
2012.05.17 05:42:50.013,5.93428,5.93615,2.25,2.78
2012.05.17 05:42:50.489,5.93428,5.93599,2.25,2.03
2012.05.17 05:43:00.636,5.93428,5.93616,2.25,2.03
2012.05.17 05:43:04.491,5.93418,5.93616,2.25,2.03
2012.05.17 05:43:05.154,5.93418,5.93601,2.25,2.03
2012.05.17 05:43:05.284,5.93398,5.93601,2.25,2.03
2012.05.17 05:43:05.480,5.93408,5.93601,2.25,2.03
2012.05.17 05:43:06.183,5.93408,5.93617,2.25,2.78
2012.05.17 05:43:06.258,5.93408,5.93617,2.25,2.03
2012.05.17 05:43:06.357,5.93418,5.93617,2.25,2.03
2012.05.17 05:43:07.273,5.93427,5.93617,2.25,2.03
2012.05.17 05:43:07.347,5.93418,5.93617,2.25,2.03
2012.05.17 05:43:13.334,5.93418,5.93622,2.25,1.92
2012.05.17 05:43:13.404,5.93427,5.93622,2.25,1.92
2012.05.17 05:43:16.673,5.93427,5.93618,2.25,2.03
2012.05.17 05:43:16.743,5.93398,5.93618,2.25,2.03
2012.05.17 05:43:22.509,5.93408,5.93622,2.03,2.67
2012.05.17 05:43:22.883,5.93421,5.93622,2.03,1.92
2012.05.17 05:43:26.664,5.93428,5.93622,2.25,1.92
2012.05.17 05:43:27.394,5.93421,5.93622,2.03,1.92
2012.05.17 05:43:28.775,5.93427,5.93622,2.25,1.92
2012.05.17 05:43:34.223,5.93427,5.93642,2.25,2.67
2012.05.17 05:43:37.114,5.93418,5.93627,2.25,2.03
2012.05.17 05:43:37.247,5.93408,5.93627,4.28,2.03
2012.05.17 05:43:37.743,5.93423,5.93642,2.03,2.67
2012.05.17 05:43:42.635,5.93423,5.93642,2.03,1.92
2012.05.17 05:43:42.964,5.93423,5.93642,2.03,2.67
2012.05.17 05:43:50.225,5.93408,5.9361,2.25,2.03
2012.05.17 05:43:50.356,5.93391,5.9361,2.03,2.03
2012.05.17 05:43:50.483,5.93377,5.93596,2.25,2.03
2012.05.17 05:43:50.804,5.93393,5.93615,2.03,3.53
2012.05.17 05:43:50.935,5.93393,5.93615,2.03,2.78
2012.05.17 05:43:51.004,5.93398,5.93615,2.25,2.78
2012.05.17 05:43:56.190,5.93398,5.93593,2.25,1.92
2012.05.17 05:43:56.252,5.93398,5.93615,2.25,2.03
2012.05.17 05:44:07.125,5.93411,5.93622,2.03,1.92
2012.05.17 05:44:07.994,5.93408,5.93614,2.25,2.03
2012.05.17 05:44:10.528,5.93397,5.93614,2.25,2.03
2012.05.17 05:44:12.664,5.93407,5.93614,2.25,2.03
2012.05.17 05:44:13.644,5.93397,5.93614,2.25,2.03
2012.05.17 05:44:21.976,5.93407,5.93614,2.25,2.03
2012.05.17 05:44:25.033,5.9341,5.93622,2.03,1.92
2012.05.17 05:44:26.595,5.93428,5.93622,2.03,1.92
2012.05.17 05:44:26.957,5.9341,5.93622,2.03,1.92
2012.05.17 05:44:31.277,5.93424,5.93622,2.03,1.92
2012.05.17 05:44:39.061,5.93424,5.93644,2.03,1.50
2012.05.17 05:44:41.067,5.93424,5.93623,2.03,1.92
2012.05.17 05:44:43.695,5.93407,5.93623,4.28,1.92
2012.05.17 05:44:44.514,5.93397,5.93612,2.25,2.03
2012.05.17 05:44:45.107,5.9341,5.93623,2.03,1.92
2012.05.17 05:44:48.103,5.93423,5.93623,2.03,1.92
2012.05.17 05:44:55.343,5.93444,5.93623,2.03,1.92
2012.05.17 05:44:58.443,5.93427,5.93623,2.03,1.92
2012.05.17 05:45:00.801,5.93427,5.93623,2.03,2.67
2012.05.17 05:45:10.244,5.93455,5.93623,2.03,2.67
2012.05.17 05:45:10.464,5.93438,5.93623,2.03,2.67
2012.05.17 05:45:15.654,5.93423,5.93623,2.03,2.67
2012.05.17 05:45:23.953,5.93427,5.93623,2.25,2.67
2012.05.17 05:45:24.675,5.93426,5.93623,2.03,2.67
2012.05.17 05:45:25.026,5.93443,5.93623,2.03,2.67
2012.05.17 05:45:26.533,5.93428,5.93622,2.03,2.67
2012.05.17 05:45:40.261,5.9341,5.93622,2.78,2.67
2012.05.17 05:45:41.582,5.93428,5.93622,2.03,2.67
2012.05.17 05:45:47.273,5.93408,5.93622,2.78,2.67
2012.05.17 05:45:47.983,5.93407,5.93615,2.25,2.78
2012.05.17 05:45:48.825,5.93397,5.93615,2.25,2.78
2012.05.17 05:45:50.301,5.93413,5.93622,2.03,2.67
2012.05.17 05:45:52.932,5.93428,5.93622,2.03,2.67
2012.05.17 05:45:54.472,5.9341,5.93622,2.03,2.67
2012.05.17 05:45:55.174,5.9341,5.93622,2.03,2.67
2012.05.17 05:45:55.394,5.9341,5.93622,2.03,2.67
2012.05.17 05:45:56.674,5.93398,5.93615,2.25,2.78
2012.05.17 05:45:57.053,5.93398,5.93615,2.25,2.78
2012.05.17 05:45:57.282,5.93393,5.93593,2.03,2.67
2012.05.17 05:45:57.352,5.93393,5.93593,2.03,2.67
2012.05.17 05:45:59.963,5.93393,5.93593,2.03,2.67
2012.05.17 05:46:00.031,5.93393,5.93593,2.03,2.67
2012.05.17 05:46:02.203,5.93411,5.93593,2.03,2.67
2012.05.17 05:46:02.335,5.93411,5.93593,2.03,2.67
2012.05.17 05:46:03.902,5.93429,5.93593,2.03,2.67
2012.05.17 05:46:04.414,5.93429,5.93593,2.03,1.92
2012.05.17 05:46:04.854,5.93429,5.93622,2.03,2.67
2012.05.17 05:46:05.404,5.93429,5.93622,2.03,2.67
2012.05.17 05:46:05.624,5.93429,5.93622,2.03,2.67
2012.05.17 05:46:06.013,5.93429,5.93622,2.03,2.67
2012.05.17 05:46:06.342,5.93429,5.93622,2.03,2.67
2012.05.17 05:46:06.566,5.93429,5.93622,2.03,2.67
2012.05.17 05:46:06.633,5.93429,5.93622,2.03,2.67
2012.05.17 05:46:07.653,5.93412,5.93632,2.03,2.78
2012.05.17 05:46:07.722,5.93398,5.93615,2.25,2.78
2012.05.17 05:46:08.163,5.93394,5.93615,2.03,2.78
2012.05.17 05:46:08.292,5.93387,5.93592,2.25,2.67
2012.05.17 05:46:08.543,5.93387,5.93592,2.25,2.67
2012.05.17 05:46:08.629,5.93378,5.93592,2.03,2.67
2012.05.17 05:46:08.793,5.93388,5.93592,2.25,2.67
2012.05.17 05:46:11.282,5.93394,5.93592,2.03,2.67
2012.05.17 05:46:15.663,5.93388,5.93592,2.25,2.67
2012.05.17 05:46:15.793,5.93378,5.93592,2.25,2.67
2012.05.17 05:46:15.863,5.93378,5.93592,2.25,2.67
2012.05.17 05:46:16.776,5.93377,5.93592,2.03,2.67
2012.05.17 05:46:17.255,5.93377,5.93592,2.03,2.67
2012.05.17 05:46:17.504,5.93362,5.93592,2.03,4.70
2012.05.17 05:46:18.334,5.93377,5.93592,2.03,2.67
2012.05.17 05:46:19.024,5.93377,5.93592,2.03,2.67
2012.05.17 05:46:19.313,5.93377,5.93592,2.03,3.42
2012.05.17 05:46:21.195,5.93392,5.93592,2.03,2.67
2012.05.17 05:46:21.538,5.93407,5.93592,2.03,2.67
2012.05.17 05:46:21.603,5.93396,5.93592,2.03,2.67
2012.05.17 05:46:21.733,5.93398,5.93592,3.00,2.67
2012.05.17 05:46:21.804,5.93398,5.93592,2.25,2.67
2012.05.17 05:46:22.056,5.93398,5.93592,2.25,2.67
2012.05.17 05:46:22.492,5.93398,5.93592,2.25,2.67
2012.05.17 05:46:22.766,5.93398,5.93592,2.25,2.67
2012.05.17 05:46:23.034,5.93398,5.93592,3.00,2.67
2012.05.17 05:46:24.484,5.93408,5.93592,2.25,2.67
2012.05.17 05:46:24.838,5.93408,5.93572,2.25,1.92
2012.05.17 05:46:24.904,5.93408,5.93592,2.25,2.67
2012.05.17 05:46:25.834,5.93399,5.93592,2.78,2.67
2012.05.17 05:46:34.214,5.93407,5.93612,2.25,2.67
2012.05.17 05:46:34.284,5.93399,5.93612,2.78,2.67
2012.05.17 05:46:39.585,5.93378,5.93583,3.00,1.92
2012.05.17 05:46:39.654,5.93378,5.93583,3.00,2.67
2012.05.17 05:46:41.427,5.93382,5.93583,2.03,2.67
2012.05.17 05:46:42.156,5.93414,5.93613,2.03,2.67
2012.05.17 05:46:44.977,5.93398,5.93613,2.03,2.67
2012.05.17 05:46:51.068,5.93413,5.93583,2.03,2.67
2012.05.17 05:46:51.314,5.93399,5.93583,2.03,2.67
2012.05.17 05:46:51.509,5.93421,5.93583,2.03,2.67
2012.05.17 05:46:51.806,5.93421,5.93583,2.03,2.67
2012.05.17 05:46:53.014,5.93421,5.93583,2.03,2.67
2012.05.17 05:46:53.235,5.93421,5.93583,2.03,2.67
2012.05.17 05:46:53.606,5.9341,5.93583,2.03,2.67
2012.05.17 05:46:53.675,5.93392,5.93583,2.03,2.67
2012.05.17 05:46:54.146,5.93392,5.93512,2.03,1.92
2012.05.17 05:46:54.221,5.93373,5.93512,2.03,4.17
2012.05.17 05:46:54.283,5.93346,5.93512,2.03,4.17
2012.05.17 05:46:54.353,5.93346,5.93512,2.03,2.67
2012.05.17 05:46:54.706,5.93346,5.93512,2.03,2.67
2012.05.17 05:47:00.254,5.93346,5.93512,2.03,2.67
2012.05.17 05:47:01.861,5.9333,5.93512,2.03,2.67
2012.05.17 05:47:02.413,5.93343,5.93533,2.03,2.67
2012.05.17 05:47:02.544,5.93343,5.93533,2.03,2.67
2012.05.17 05:47:07.635,5.93343,5.93533,2.03,2.67
2012.05.17 05:47:07.705,5.93358,5.93533,2.03,2.67
2012.05.17 05:47:09.245,5.93376,5.93533,2.03,2.67
2012.05.17 05:47:11.599,5.93376,5.93533,2.03,2.67
2012.05.17 05:47:11.846,5.93376,5.93552,2.03,2.67
2012.05.17 05:47:11.918,5.93393,5.93552,2.03,2.67
2012.05.17 05:47:12.045,5.93393,5.93552,2.03,2.67
2012.05.17 05:47:12.981,5.93378,5.93552,2.03,2.67
2012.05.17 05:47:13.044,5.93378,5.93552,2.03,2.67
2012.05.17 05:47:13.935,5.93359,5.93552,2.03,2.67
2012.05.17 05:47:19.003,5.93328,5.93547,2.78,2.78
2012.05.17 05:47:24.004,5.93361,5.93552,2.03,2.67
2012.05.17 05:47:24.074,5.93345,5.93552,2.03,2.67
2012.05.17 05:47:27.346,5.93345,5.93552,2.03,2.67
2012.05.17 05:47:28.755,5.93331,5.93512,2.03,2.25
2012.05.17 05:47:28.825,5.93331,5.93512,2.03,3.00
2012.05.17 05:47:28.954,5.93314,5.93512,2.03,3.00
2012.05.17 05:47:32.894,5.93283,5.93503,2.78,2.78
2012.05.17 05:47:32.965,5.93283,5.93503,2.78,2.78
2012.05.17 05:47:33.037,5.93283,5.93503,2.78,2.78
2012.05.17 05:47:33.428,5.93283,5.93503,2.78,2.78
2012.05.17 05:47:33.494,5.93283,5.93503,2.78,2.78
2012.05.17 05:47:33.585,5.93283,5.93503,2.78,2.78
2012.05.17 05:47:34.124,5.93299,5.93521,2.03,2.78
2012.05.17 05:47:34.903,5.93284,5.93505,2.78,2.78
2012.05.17 05:47:34.974,5.93284,5.93505,2.78,2.78
2012.05.17 05:47:35.285,5.9327,5.9349,2.78,2.78
2012.05.17 05:47:35.686,5.9327,5.9349,2.78,2.78
2012.05.17 05:47:36.348,5.9327,5.9349,2.78,2.78
2012.05.17 05:47:36.676,5.93284,5.93503,2.78,3.00
2012.05.17 05:47:36.936,5.93284,5.93503,2.78,3.00
2012.05.17 05:47:40.555,5.93271,5.9349,2.03,2.78
2012.05.17 05:47:40.626,5.93267,5.93463,1.70,2.78
2012.05.17 05:47:40.755,5.93267,5.93463,1.70,2.78
2012.05.17 05:47:43.758,5.93268,5.93459,1.70,2.78
2012.05.17 05:47:44.124,5.93238,5.93459,2.78,2.78
2012.05.17 05:47:44.196,5.93238,5.93459,2.78,2.78
2012.05.17 05:47:44.505,5.93268,5.9349,2.78,2.78
2012.05.17 05:47:44.578,5.93268,5.9349,2.78,2.78
2012.05.17 05:47:44.644,5.93268,5.9349,2.78,2.78
2012.05.17 05:47:44.757,5.93268,5.9349,2.78,2.78
2012.05.17 05:47:45.084,5.93268,5.9349,2.78,2.78
2012.05.17 05:47:45.455,5.93268,5.9349,2.78,2.78
2012.05.17 05:47:46.365,5.93253,5.93475,2.78,2.78
2012.05.17 05:47:47.286,5.93253,5.93475,3.53,2.78
2012.05.17 05:47:47.617,5.93269,5.9349,2.78,2.78
2012.05.17 05:47:47.684,5.93269,5.9349,2.78,2.78
2012.05.17 05:47:47.754,5.93269,5.9349,2.78,2.78
2012.05.17 05:47:49.075,5.93297,5.9349,1.35,2.78
2012.05.17 05:47:49.324,5.93377,5.9357,3.00,2.03
2012.05.17 05:47:49.396,5.93377,5.93552,3.00,2.03
2012.05.17 05:47:49.900,5.93333,5.93503,2.78,2.25
2012.05.17 05:47:49.967,5.9328,5.93501,2.78,2.78
2012.05.17 05:47:51.425,5.9328,5.93501,2.78,2.78
2012.05.17 05:47:51.614,5.93378,5.93501,2.25,2.78
2012.05.17 05:47:51.745,5.93378,5.93561,2.25,2.78
2012.05.17 05:47:51.814,5.93378,5.93561,3.00,2.03
2012.05.17 05:47:51.885,5.93378,5.93472,3.00,1.92
2012.05.17 05:47:52.075,5.9328,5.93472,1.50,2.67
2012.05.17 05:47:52.295,5.93267,5.93472,3.00,2.67
2012.05.17 05:47:54.175,5.93357,5.93553,2.25,2.67
2012.05.17 05:47:54.245,5.93357,5.93553,3.00,1.92
2012.05.17 05:47:54.392,5.93357,5.93542,3.00,2.03
2012.05.17 05:47:54.638,5.93308,5.93528,3.00,2.78
2012.05.17 05:47:54.767,5.93338,5.93528,3.00,2.03
2012.05.17 05:47:54.896,5.93347,5.93553,2.25,2.67
2012.05.17 05:47:56.099,5.93368,5.93553,2.25,2.67
2012.05.17 05:47:56.444,5.93368,5.93548,2.25,1.35
2012.05.17 05:47:56.766,5.93274,5.93493,2.78,3.00
2012.05.17 05:47:57.416,5.93307,5.93493,2.45,3.00
2012.05.17 05:47:57.894,5.93274,5.93493,2.78,3.00
2012.05.17 05:47:58.327,5.9329,5.93493,2.78,3.00
2012.05.17 05:47:58.457,5.93286,5.93493,2.78,3.00
2012.05.17 05:47:58.527,5.93286,5.93503,2.78,3.00
2012.05.17 05:47:58.656,5.93286,5.93503,2.78,3.00
2012.05.17 05:47:59.435,5.93286,5.93506,2.03,2.78
2012.05.17 05:47:59.506,5.93368,5.93532,2.25,2.67
2012.05.17 05:47:59.575,5.93368,5.93532,3.00,1.92
2012.05.17 05:47:59.765,5.93344,5.93512,2.78,2.25
2012.05.17 05:47:59.898,5.93264,5.93504,2.78,2.78
2012.05.17 05:48:00.936,5.93284,5.93504,2.78,2.78
2012.05.17 05:48:01.475,5.93284,5.93504,2.78,2.78
2012.05.17 05:48:01.696,5.93284,5.93504,2.78,2.78
2012.05.17 05:48:02.035,5.93299,5.93512,2.78,3.00
2012.05.17 05:48:02.164,5.93337,5.93512,2.78,2.25
2012.05.17 05:48:02.294,5.93347,5.93552,3.00,2.67
2012.05.17 05:48:04.798,5.93355,5.93552,1.50,2.67
2012.05.17 05:48:05.437,5.93355,5.93552,1.50,2.67
2012.05.17 05:48:06.416,5.93355,5.93552,1.50,2.67
2012.05.17 05:48:06.706,5.93355,5.93552,1.50,2.67
2012.05.17 05:48:06.975,5.93355,5.93552,1.50,2.67
2012.05.17 05:48:07.187,5.93355,5.93552,1.50,2.67
2012.05.17 05:48:08.585,5.93364,5.93573,1.50,2.78
2012.05.17 05:48:09.036,5.93369,5.93582,2.78,2.67
2012.05.17 05:48:11.075,5.93369,5.93582,2.78,2.67
2012.05.17 05:48:11.325,5.93388,5.93602,2.78,2.67
2012.05.17 05:48:14.626,5.93388,5.93602,2.78,2.67
2012.05.17 05:48:17.036,5.93378,5.93592,3.75,2.78
2012.05.17 05:48:17.538,5.93369,5.93577,1.50,2.78
2012.05.17 05:48:22.183,5.93369,5.93551,1.50,2.03
2012.05.17 05:48:22.924,5.93369,5.93566,1.50,2.78
2012.05.17 05:48:23.851,5.93369,5.93566,1.50,2.78
2012.05.17 05:48:26.693,5.93357,5.93571,3.00,2.78
2012.05.17 05:48:26.883,5.93357,5.93544,3.00,2.03
2012.05.17 05:48:29.376,5.93324,5.93523,2.78,2.25
2012.05.17 05:48:29.504,5.93324,5.93523,2.03,3.00
2012.05.17 05:48:29.574,5.93304,5.93523,2.03,3.00
2012.05.17 05:48:29.935,5.93297,5.9351,2.45,2.78
2012.05.17 05:48:35.366,5.93298,5.9349,2.25,2.78
2012.05.17 05:48:37.476,5.93298,5.93502,3.00,2.67
2012.05.17 05:48:38.001,5.93312,5.93502,1.50,2.67
2012.05.17 05:48:38.354,5.93318,5.93502,1.50,1.92
2012.05.17 05:48:38.685,5.93318,5.93522,1.50,2.67
2012.05.17 05:48:56.804,5.93338,5.93522,2.03,2.67
2012.05.17 05:48:59.673,5.9332,5.93522,2.78,2.67
2012.05.17 05:49:03.266,5.93336,5.93522,2.03,2.67
2012.05.17 05:49:05.754,5.93336,5.93522,2.03,2.67
2012.05.17 05:49:05.825,5.93336,5.93522,2.03,2.67
2012.05.17 05:49:05.915,5.93336,5.93522,2.03,2.67
2012.05.17 05:49:06.136,5.93336,5.93522,2.03,2.67
2012.05.17 05:49:06.515,5.93336,5.93522,2.03,2.67
2012.05.17 05:49:06.743,5.93336,5.93522,2.03,2.67
2012.05.17 05:49:07.014,5.93336,5.93522,2.03,2.67
2012.05.17 05:49:07.714,5.93336,5.93522,2.03,2.67
2012.05.17 05:49:07.784,5.93336,5.93522,2.03,2.67
2012.05.17 05:49:07.973,5.93336,5.93522,2.03,2.67
2012.05.17 05:49:23.238,5.9333,5.93522,2.03,2.67
2012.05.17 05:49:23.306,5.93332,5.93522,1.50,1.92
2012.05.17 05:49:23.377,5.93351,5.93522,2.03,1.92
2012.05.17 05:49:23.818,5.93351,5.93543,2.03,2.67
2012.05.17 05:49:26.804,5.93347,5.93543,2.25,2.67
2012.05.17 05:49:26.889,5.93337,5.93543,3.75,2.67
2012.05.17 05:49:28.217,5.93338,5.93543,2.25,2.67
2012.05.17 05:49:29.697,5.93327,5.93542,3.00,2.78
2012.05.17 05:49:29.886,5.93327,5.93542,2.25,2.78
2012.05.17 05:49:30.046,5.93321,5.93542,2.78,2.78
2012.05.17 05:49:30.116,5.93321,5.93542,2.03,2.78
2012.05.17 05:49:30.186,5.93318,5.93528,2.25,2.78
2012.05.17 05:49:30.494,5.93308,5.93528,3.00,2.78
2012.05.17 05:49:30.950,5.93308,5.93528,2.25,2.78
2012.05.17 05:49:33.853,5.93321,5.93543,2.03,4.70
2012.05.17 05:49:37.165,5.93321,5.93543,2.78,4.70
2012.05.17 05:49:37.235,5.93338,5.93543,2.03,2.67
2012.05.17 05:49:37.496,5.93338,5.93543,2.03,2.67
2012.05.17 05:49:44.095,5.93327,5.93532,3.00,2.78
2012.05.17 05:49:44.416,5.93318,5.93532,1.50,2.78
2012.05.17 05:49:44.668,5.93331,5.93543,1.50,2.67
2012.05.17 05:49:44.935,5.93345,5.93543,2.03,2.67
2012.05.17 05:49:49.007,5.93345,5.93522,2.03,1.92
2012.05.17 05:49:49.186,5.93345,5.93542,2.03,2.67
2012.05.17 05:49:50.727,5.93345,5.93542,2.03,2.67
2012.05.17 05:49:50.854,5.93345,5.93542,2.78,2.67
2012.05.17 05:49:52.376,5.93337,5.93535,3.00,2.03
2012.05.17 05:49:53.253,5.93337,5.93535,3.00,2.03
2012.05.17 05:49:53.564,5.93337,5.93532,2.25,2.78
2012.05.17 05:49:53.633,5.93328,5.93532,2.25,2.78
2012.05.17 05:49:54.177,5.93328,5.93523,2.25,1.92
2012.05.17 05:49:54.244,5.93328,5.93523,2.25,2.67
2012.05.17 05:49:54.828,5.93327,5.93532,2.25,2.78
2012.05.17 05:49:54.895,5.93318,5.93522,3.00,2.67
2012.05.17 05:49:54.963,5.93318,5.93522,3.00,2.67
2012.05.17 05:49:55.040,5.93318,5.93522,3.00,2.67
2012.05.17 05:50:03.305,5.93308,5.93522,3.00,2.67
2012.05.17 05:50:03.435,5.93298,5.93506,3.75,2.03
2012.05.17 05:50:03.744,5.93298,5.93506,3.00,2.78
2012.05.17 05:50:03.815,5.93287,5.93506,1.50,2.78
2012.05.17 05:50:04.004,5.93282,5.93506,2.03,2.78
2012.05.17 05:50:04.134,5.93278,5.93477,3.00,2.78
2012.05.17 05:50:04.328,5.93278,5.93462,2.25,2.78
2012.05.17 05:50:04.395,5.93268,5.93462,2.25,2.78
2012.05.17 05:50:04.467,5.93247,5.93441,1.50,2.03
2012.05.17 05:50:04.535,5.93239,5.93441,1.50,2.78
2012.05.17 05:50:04.667,5.93237,5.93441,3.75,2.78
2012.05.17 05:50:05.057,5.93238,5.93441,2.25,2.78
2012.05.17 05:50:05.128,5.93228,5.93441,3.00,2.78
2012.05.17 05:50:05.256,5.93228,5.93441,3.00,2.78
2012.05.17 05:50:05.398,5.93228,5.93441,2.25,2.78
2012.05.17 05:50:05.538,5.93238,5.93441,2.25,2.78
2012.05.17 05:50:05.887,5.93238,5.93453,3.00,2.67
2012.05.17 05:50:06.017,5.93247,5.93456,3.00,2.78
2012.05.17 05:50:06.147,5.93247,5.93456,3.00,2.78
2012.05.17 05:50:06.419,5.93248,5.93456,3.00,2.78
2012.05.17 05:50:06.975,5.93253,5.93473,1.50,4.70
2012.05.17 05:50:07.206,5.93253,5.93473,1.50,4.70
2012.05.17 05:50:08.305,5.93253,5.93473,1.50,4.70
2012.05.17 05:50:09.084,5.93253,5.93453,1.50,1.92
2012.05.17 05:50:09.214,5.93253,5.93453,1.50,1.92
2012.05.17 05:50:09.581,5.93253,5.93453,1.50,1.92
2012.05.17 05:50:09.965,5.93267,5.93453,3.00,1.92
2012.05.17 05:50:10.278,5.93292,5.93453,2.03,1.92
2012.05.17 05:50:10.585,5.93297,5.93453,3.00,1.92
2012.05.17 05:50:10.921,5.93298,5.93453,3.00,1.92
2012.05.17 05:50:13.546,5.93297,5.93453,3.00,1.92
2012.05.17 05:50:13.923,5.93297,5.93453,3.00,1.92
2012.05.17 05:50:14.236,5.9331,5.93453,2.03,1.92
2012.05.17 05:50:15.639,5.93294,5.93453,2.78,1.92
2012.05.17 05:50:18.157,5.93294,5.93473,2.78,1.92
2012.05.17 05:50:18.230,5.93294,5.93503,2.78,2.67
2012.05.17 05:50:18.477,5.93279,5.93501,3.53,2.78
2012.05.17 05:50:18.607,5.93279,5.93501,2.78,2.78
2012.05.17 05:50:18.676,5.93279,5.93501,3.53,2.78
2012.05.17 05:50:19.209,5.93279,5.93472,3.53,1.92
2012.05.17 05:50:20.090,5.93279,5.93472,2.78,1.92
2012.05.17 05:50:20.914,5.93279,5.93501,2.78,2.78
2012.05.17 05:50:21.175,5.93287,5.93501,2.25,2.78
2012.05.17 05:50:22.279,5.93296,5.93503,2.03,2.67
2012.05.17 05:50:29.294,5.9331,5.93503,2.03,2.67
2012.05.17 05:50:31.886,5.93327,5.93503,2.03,2.67
2012.05.17 05:50:32.086,5.93327,5.93503,2.03,2.67
2012.05.17 05:50:32.275,5.9334,5.93503,2.03,2.67
2012.05.17 05:50:32.405,5.9334,5.93503,2.03,2.67
2012.05.17 05:50:32.775,5.93358,5.93503,2.03,2.67
2012.05.17 05:50:33.145,5.93358,5.93503,2.03,1.92
2012.05.17 05:50:33.326,5.93372,5.93503,2.03,1.92
2012.05.17 05:50:34.007,5.93392,5.93503,2.03,1.92
2012.05.17 05:50:34.138,5.93372,5.93503,2.03,1.92
2012.05.17 05:50:34.266,5.93393,5.93503,2.03,1.92
2012.05.17 05:50:34.939,5.93393,5.93573,2.03,2.67
2012.05.17 05:50:36.357,5.93371,5.93573,2.03,2.67
2012.05.17 05:50:36.425,5.93371,5.93592,2.78,2.67
2012.05.17 05:50:36.615,5.93371,5.93592,2.78,2.67
2012.05.17 05:50:36.687,5.93388,5.93592,2.03,2.67
2012.05.17 05:50:39.786,5.93405,5.93573,2.03,2.67
2012.05.17 05:50:40.226,5.9342,5.93573,2.03,1.92
2012.05.17 05:50:42.215,5.93404,5.93573,2.78,1.92
2012.05.17 05:50:44.216,5.93404,5.93573,2.03,1.92
2012.05.17 05:50:44.590,5.93389,5.93573,2.03,2.67
2012.05.17 05:50:44.717,5.93403,5.93573,2.03,2.67
2012.05.17 05:50:45.097,5.93403,5.93573,2.03,1.92
2012.05.17 05:50:45.878,5.93403,5.93593,2.03,2.67
2012.05.17 05:50:46.616,5.93419,5.93593,2.03,2.67
2012.05.17 05:50:46.780,5.93419,5.93593,2.03,2.67
2012.05.17 05:50:49.765,5.93404,5.93593,2.03,2.67
2012.05.17 05:50:49.954,5.93404,5.93612,2.78,2.67
2012.05.17 05:50:50.376,5.93404,5.93612,2.03,2.67
2012.05.17 05:50:57.137,5.93408,5.93593,2.25,2.67
2012.05.17 05:50:57.327,5.93408,5.93593,2.25,2.67
2012.05.17 05:50:57.836,5.93404,5.93593,2.03,2.67
2012.05.17 05:50:58.208,5.93404,5.93593,2.03,2.67
2012.05.17 05:50:58.517,5.93399,5.93593,2.03,2.67
2012.05.17 05:51:03.638,5.93397,5.93593,2.25,2.67
2012.05.17 05:51:04.024,5.93397,5.93593,2.25,2.67
2012.05.17 05:51:04.206,5.93382,5.93593,2.78,2.67
2012.05.17 05:51:06.877,5.93382,5.93593,2.03,2.67
2012.05.17 05:51:09.367,5.93398,5.93593,2.03,2.67
2012.05.17 05:51:28.222,5.93379,5.93593,2.03,2.67
2012.05.17 05:51:29.687,5.93368,5.93584,2.25,2.78
2012.05.17 05:51:43.925,5.93368,5.93572,2.25,2.67
2012.05.17 05:51:44.349,5.9332,5.93522,2.03,2.67
2012.05.17 05:51:46.496,5.93318,5.93522,4.28,2.67
2012.05.17 05:51:51.625,5.93318,5.93522,4.28,2.67
2012.05.17 05:52:00.356,5.93318,5.93543,4.28,2.67
2012.05.17 05:52:00.425,5.93318,5.93543,5.03,2.67
2012.05.17 05:52:00.495,5.93335,5.93543,2.03,2.67
2012.05.17 05:52:00.805,5.93349,5.93543,2.03,2.67
2012.05.17 05:52:00.935,5.93349,5.93543,2.78,1.92
2012.05.17 05:52:01.065,5.93349,5.93543,2.78,1.92
2012.05.17 05:52:01.375,5.93349,5.93543,2.03,2.67
2012.05.17 05:52:01.445,5.93349,5.93573,2.78,2.67
2012.05.17 05:52:01.515,5.93349,5.93573,2.78,2.67
2012.05.17 05:52:01.824,5.93349,5.93573,2.78,2.67
2012.05.17 05:52:02.835,5.93347,5.93573,2.25,2.67
2012.05.17 05:52:02.905,5.93328,5.93573,3.00,2.67
2012.05.17 05:52:03.454,5.93318,5.93572,3.00,3.00
2012.05.17 05:52:04.775,5.93327,5.93542,2.25,2.67
2012.05.17 05:52:04.845,5.93317,5.93542,3.75,2.67
2012.05.17 05:52:06.438,5.93319,5.93542,1.50,2.67
2012.05.17 05:52:07.106,5.93328,5.93542,3.00,2.67
2012.05.17 05:52:07.318,5.93338,5.93542,1.50,2.67
2012.05.17 05:52:07.447,5.93358,5.93542,2.03,2.67
2012.05.17 05:52:07.871,5.93356,5.93542,2.03,1.92
2012.05.17 05:52:13.370,5.93356,5.93573,2.03,2.67
2012.05.17 05:52:15.277,5.93356,5.93563,2.03,3.00
2012.05.17 05:52:15.707,5.93356,5.93563,2.03,3.00
2012.05.17 05:52:15.779,5.93356,5.93573,2.78,2.67
2012.05.17 05:52:16.048,5.93356,5.93573,2.78,2.67
2012.05.17 05:52:16.356,5.93375,5.93573,2.03,2.67
2012.05.17 05:52:17.998,5.93352,5.93572,2.03,2.78
2012.05.17 05:52:18.067,5.93347,5.93558,1.50,2.78
2012.05.17 05:52:18.137,5.93336,5.93558,2.78,2.78
2012.05.17 05:52:18.452,5.93352,5.93573,2.78,2.67
2012.05.17 05:52:20.228,5.93352,5.93573,2.78,2.67
2012.05.17 05:52:20.337,5.93352,5.93573,2.78,2.67
2012.05.17 05:52:20.451,5.93352,5.93573,2.78,2.67
2012.05.17 05:52:20.556,5.93352,5.93573,2.78,2.67
2012.05.17 05:52:25.449,5.93369,5.93573,2.03,2.67
2012.05.17 05:52:28.458,5.93353,5.93573,2.78,2.67
2012.05.17 05:52:29.186,5.93368,5.93573,2.25,2.67
2012.05.17 05:52:29.377,5.93377,5.93573,2.03,1.92
2012.05.17 05:52:31.406,5.93377,5.93573,2.78,1.92
2012.05.17 05:52:34.630,5.93368,5.93573,3.00,1.92
2012.05.17 05:52:35.419,5.93374,5.93573,1.50,1.92
2012.05.17 05:52:39.046,5.93368,5.93573,3.00,1.92
2012.05.17 05:52:40.346,5.93368,5.93573,2.25,2.67
2012.05.17 05:52:44.846,5.93357,5.93565,3.00,2.78
2012.05.17 05:52:44.916,5.93348,5.93565,3.00,2.78
2012.05.17 05:52:46.880,5.93358,5.93565,2.25,2.78
2012.05.17 05:52:53.180,5.93358,5.93565,3.00,2.78
2012.05.17 05:52:54.119,5.9336,5.93565,1.50,2.78
2012.05.17 05:52:54.426,5.93358,5.93548,3.00,2.78
2012.05.17 05:52:54.739,5.93347,5.93525,2.25,2.78
2012.05.17 05:52:54.869,5.93328,5.9351,2.25,2.03
2012.05.17 05:52:54.996,5.93307,5.9351,3.00,2.03
2012.05.17 05:52:55.066,5.93307,5.9351,3.00,2.78
2012.05.17 05:52:55.317,5.93288,5.93493,5.45,2.03
2012.05.17 05:52:55.646,5.93288,5.93507,5.45,2.78
2012.05.17 05:52:55.838,5.93297,5.93507,2.25,2.78
2012.05.17 05:52:55.908,5.93297,5.93507,2.25,2.78
2012.05.17 05:53:02.184,5.93297,5.93507,3.00,2.03
2012.05.17 05:53:02.504,5.93309,5.93522,2.78,2.67
2012.05.17 05:53:02.815,5.93309,5.93522,2.03,2.67
2012.05.17 05:53:03.045,5.93309,5.93522,2.78,2.67
2012.05.17 05:53:03.204,5.93309,5.93522,2.03,2.67
2012.05.17 05:53:03.362,5.93309,5.93522,2.78,2.67
2012.05.17 05:53:03.896,5.93309,5.93522,2.03,2.67
2012.05.17 05:53:04.025,5.93309,5.93522,2.78,2.67
2012.05.17 05:53:04.094,5.93309,5.93522,2.03,2.67
2012.05.17 05:53:04.243,5.93309,5.93522,2.78,2.67
2012.05.17 05:53:04.364,5.93309,5.93522,2.03,2.67
2012.05.17 05:53:04.614,5.93309,5.93522,2.03,2.67
2012.05.17 05:53:04.756,5.93309,5.93503,2.03,1.92
2012.05.17 05:53:05.338,5.93309,5.93502,2.03,1.92
2012.05.17 05:53:16.947,5.93309,5.93502,2.03,2.67
2012.05.17 05:53:17.993,5.93309,5.93502,2.03,2.67
2012.05.17 05:53:19.918,5.93309,5.93502,2.03,2.67
2012.05.17 05:53:20.313,5.93309,5.93502,2.03,2.67
2012.05.17 05:53:36.380,5.93309,5.93502,2.03,2.67
2012.05.17 05:53:36.615,5.93309,5.93502,2.03,2.67
2012.05.17 05:53:40.487,5.93324,5.93502,2.03,2.67
2012.05.17 05:53:41.113,5.93324,5.93502,2.03,1.92
2012.05.17 05:53:41.568,5.93324,5.93523,2.03,2.67
2012.05.17 05:53:43.819,5.93308,5.93523,2.78,2.67
2012.05.17 05:53:49.336,5.93324,5.93523,2.03,2.67
2012.05.17 05:54:15.225,5.93305,5.93523,2.78,2.67
2012.05.17 05:54:15.956,5.93305,5.93502,2.78,1.92
2012.05.17 05:54:16.685,5.93305,5.93502,2.03,2.67
2012.05.17 05:54:16.837,5.93305,5.93502,2.03,2.67
2012.05.17 05:54:16.904,5.93305,5.93502,2.78,2.67
2012.05.17 05:54:16.964,5.93305,5.93502,2.03,2.67
2012.05.17 05:54:18.438,5.93305,5.93502,2.03,2.67
2012.05.17 05:54:21.484,5.93305,5.93502,2.03,2.67
2012.05.17 05:54:21.834,5.93305,5.93502,2.03,2.67
2012.05.17 05:54:21.895,5.93305,5.93502,2.03,2.67
2012.05.17 05:54:21.967,5.93305,5.93502,2.78,2.67
2012.05.17 05:54:22.035,5.93305,5.93502,2.03,2.67
2012.05.17 05:54:23.258,5.9329,5.93502,2.78,2.67
2012.05.17 05:54:23.507,5.93288,5.93472,3.00,1.92
2012.05.17 05:54:23.576,5.9326,5.93472,2.78,1.92
2012.05.17 05:54:23.766,5.9326,5.93472,2.78,2.67
2012.05.17 05:54:24.326,5.93244,5.93452,2.78,1.92
2012.05.17 05:54:24.646,5.93259,5.93452,2.03,2.67
2012.05.17 05:54:30.364,5.93259,5.93472,2.03,2.67
2012.05.17 05:54:33.897,5.93259,5.93473,2.03,2.67
2012.05.17 05:54:34.411,5.93241,5.93452,2.03,2.67
2012.05.17 05:54:35.220,5.93257,5.93452,2.03,2.67
2012.05.17 05:54:36.796,5.93276,5.93452,2.78,1.92
2012.05.17 05:54:36.867,5.93328,5.93512,1.70,2.78
2012.05.17 05:54:37.057,5.93418,5.9366,3.00,1.50
2012.05.17 05:54:37.129,5.93418,5.93633,3.00,1.35
2012.05.17 05:54:37.376,5.93308,5.93562,1.70,3.00
2012.05.17 05:54:37.568,5.93308,5.93562,1.70,3.00
2012.05.17 05:54:37.747,5.93308,5.93562,1.70,3.00
2012.05.17 05:54:38.057,5.93304,5.93544,2.03,2.78
2012.05.17 05:54:38.306,5.93304,5.93544,2.03,2.03
2012.05.17 05:54:38.406,5.93324,5.93544,2.03,2.78
2012.05.17 05:54:38.657,5.93304,5.93526,2.03,2.78
2012.05.17 05:54:38.726,5.93286,5.93507,2.03,2.78
2012.05.17 05:54:39.143,5.93286,5.93507,2.03,2.78
2012.05.17 05:54:39.210,5.93268,5.9349,2.78,2.78
2012.05.17 05:54:39.274,5.93268,5.9349,2.78,2.03
2012.05.17 05:54:39.407,5.93268,5.9349,2.78,2.78
2012.05.17 05:54:39.615,5.93274,5.9349,1.50,2.03
2012.05.17 05:54:40.935,5.93286,5.93505,2.78,2.03
2012.05.17 05:54:42.237,5.93301,5.93512,2.03,1.92
2012.05.17 05:54:42.566,5.93327,5.93521,1.70,2.03
2012.05.17 05:54:42.636,5.93322,5.93541,2.03,2.03
2012.05.17 05:54:45.647,5.93322,5.93541,2.03,2.78
2012.05.17 05:54:45.787,5.93322,5.93541,2.03,2.03
2012.05.17 05:54:46.105,5.93322,5.93541,2.03,2.78
2012.05.17 05:54:46.427,5.93322,5.93541,2.03,2.03
2012.05.17 05:54:46.556,5.93322,5.93541,2.03,2.78
2012.05.17 05:54:46.628,5.93306,5.93528,2.03,2.78
2012.05.17 05:54:47.222,5.93291,5.93513,2.78,2.78
2012.05.17 05:54:47.290,5.93292,5.93513,1.50,2.03
2012.05.17 05:54:50.047,5.93291,5.93513,2.03,2.03
2012.05.17 05:54:53.447,5.93312,5.93531,2.03,2.03
2012.05.17 05:54:57.858,5.93294,5.93514,2.78,2.03
2012.05.17 05:55:02.266,5.93309,5.93528,2.03,2.03
2012.05.17 05:55:02.711,5.93294,5.93513,2.78,2.03
2012.05.17 05:55:02.916,5.9331,5.93532,2.03,2.03
2012.05.17 05:55:06.456,5.93327,5.93549,2.03,2.78
2012.05.17 05:55:06.767,5.93347,5.93566,2.03,2.78
2012.05.17 05:55:06.839,5.93364,5.93586,2.03,2.78
2012.05.17 05:55:06.968,5.93383,5.93602,2.03,2.78
2012.05.17 05:55:08.306,5.93367,5.93587,2.03,2.03
2012.05.17 05:55:09.756,5.93351,5.93571,2.03,2.03
2012.05.17 05:55:12.446,5.93351,5.93473,2.03,1.92
2012.05.17 05:55:12.696,5.93338,5.93473,2.03,1.92
2012.05.17 05:55:12.826,5.93305,5.93473,2.03,1.92
2012.05.17 05:55:13.765,5.9329,5.93473,2.03,1.92
2012.05.17 05:55:16.405,5.93274,5.93473,2.78,1.92
2012.05.17 05:55:16.806,5.93289,5.93473,2.03,1.92
2012.05.17 05:55:17.620,5.93306,5.93473,2.03,1.92
2012.05.17 05:55:18.767,5.9336,5.93473,2.03,1.92
2012.05.17 05:55:19.085,5.93375,5.93473,2.78,1.92
2012.05.17 05:55:19.618,5.93375,5.93603,2.03,2.67
2012.05.17 05:55:20.252,5.93375,5.93603,2.03,2.67
2012.05.17 05:55:20.746,5.93375,5.93583,2.03,2.67
2012.05.17 05:55:20.815,5.93375,5.93583,2.03,2.67
2012.05.17 05:55:21.022,5.93375,5.93583,2.78,2.67
2012.05.17 05:55:21.426,5.93375,5.93553,2.03,2.67
2012.05.17 05:55:21.572,5.93375,5.93553,2.03,1.92
2012.05.17 05:55:21.682,5.93375,5.93553,2.03,2.67
2012.05.17 05:55:22.018,5.93375,5.93553,2.03,2.67
2012.05.17 05:55:22.232,5.93375,5.93553,2.03,2.67
2012.05.17 05:55:22.561,5.93375,5.93553,2.03,2.67
2012.05.17 05:55:22.896,5.93375,5.93553,2.03,2.67
2012.05.17 05:55:23.056,5.93375,5.93553,2.03,2.67
2012.05.17 05:55:23.336,5.93375,5.93553,2.03,2.67
2012.05.17 05:55:23.551,5.93375,5.93553,2.03,2.67
2012.05.17 05:55:23.926,5.93375,5.93553,2.03,2.67
2012.05.17 05:55:24.106,5.93375,5.93553,2.03,2.67
2012.05.17 05:55:24.324,5.93375,5.93553,2.03,2.67
2012.05.17 05:55:24.598,5.93375,5.93553,2.03,2.67
2012.05.17 05:55:24.817,5.93375,5.93553,2.03,2.67
2012.05.17 05:55:25.318,5.93375,5.93553,2.03,2.67
2012.05.17 05:55:25.531,5.93375,5.93553,2.03,2.67
2012.05.17 05:55:25.914,5.93375,5.93553,2.03,2.67
2012.05.17 05:55:26.082,5.93375,5.93553,2.78,1.92
2012.05.17 05:55:26.191,5.93375,5.93553,2.03,2.67
2012.05.17 05:55:26.314,5.93375,5.93553,2.03,2.67
2012.05.17 05:55:26.717,5.93375,5.93553,2.03,2.67
2012.05.17 05:55:26.907,5.93375,5.93553,2.03,2.67
2012.05.17 05:55:27.105,5.93375,5.93553,2.78,1.92
2012.05.17 05:55:27.298,5.93375,5.93553,2.03,2.67
2012.05.17 05:55:27.758,5.93341,5.93553,2.78,2.67
2012.05.17 05:55:27.888,5.93341,5.93553,2.78,2.67
2012.05.17 05:55:29.545,5.93358,5.93533,2.78,1.92
2012.05.17 05:55:30.447,5.93373,5.93533,1.35,1.92
2012.05.17 05:55:31.366,5.93438,5.93533,3.00,1.92
2012.05.17 05:55:31.608,5.93438,5.93593,3.00,2.03
2012.05.17 05:55:31.756,5.93438,5.93612,3.00,1.92
2012.05.17 05:55:36.476,5.93438,5.93612,3.00,1.92
2012.05.17 05:55:41.897,5.93438,5.93612,3.00,1.92
2012.05.17 05:55:41.964,5.93438,5.93612,3.00,1.92
2012.05.17 05:55:46.875,5.93438,5.93599,3.00,2.03
2012.05.17 05:55:47.507,5.93438,5.93599,3.00,2.03
2012.05.17 05:55:48.682,5.93438,5.93612,3.00,1.92
