2013.12.18 06:00:00.122,6.1102,6.11225,1.00,1.00
2013.12.18 06:00:23.073,6.11025,6.1123,1.00,1.00
2013.12.18 06:00:36.021,6.11028,6.11235,1.00,1.00
2013.12.18 06:00:43.536,6.11025,6.1123,1.00,1.00
2013.12.18 06:01:11.994,6.11024,6.11231,1.00,1.00
2013.12.18 06:01:12.873,6.11033,6.11238,1.00,1.00
2013.12.18 06:01:13.254,6.11054,6.11238,1.00,1.00
2013.12.18 06:01:13.686,6.11056,6.11239,1.00,1.00
2013.12.18 06:01:19.006,6.11054,6.11239,1.00,1.00
2013.12.18 06:02:13.253,6.11037,6.11244,1.00,1.00
2013.12.18 06:02:13.380,6.11037,6.11222,1.00,1.00
2013.12.18 06:02:18.588,6.11035,6.11222,1.00,1.00
2013.12.18 06:02:26.536,6.11038,6.11222,1.00,1.00
2013.12.18 06:02:40.692,6.11065,6.11243,1.00,1.00
2013.12.18 06:02:40.843,6.11065,6.1125,1.00,1.00
2013.12.18 06:02:56.854,6.1105,6.11231,1.00,1.00
2013.12.18 06:03:02.190,6.11046,6.11231,1.00,1.00
2013.12.18 06:03:23.892,6.11047,6.11231,1.00,1.00
2013.12.18 06:03:32.818,6.11065,6.1125,1.00,1.00
2013.12.18 06:03:32.919,6.11065,6.1124,1.00,1.00
2013.12.18 06:03:36.034,6.11043,6.11228,1.00,1.00
2013.12.18 06:03:56.057,6.11065,6.1125,1.00,1.00
2013.12.18 06:03:57.488,6.11045,6.11222,1.00,1.00
2013.12.18 06:03:59.873,6.10988,6.11138,2.06,4.45
2013.12.18 06:04:00.381,6.10988,6.11302,2.06,1.00
2013.12.18 06:04:00.518,6.11001,6.11188,1.00,1.00
2013.12.18 06:04:01.339,6.11037,6.11222,1.00,1.00
2013.12.18 06:04:09.969,6.11038,6.11222,1.00,1.00
2013.12.18 06:04:10.020,6.11053,6.1124,1.00,1.00
2013.12.18 06:04:42.051,6.11055,6.1124,1.00,1.00
2013.12.18 06:04:49.240,6.11053,6.1124,1.00,1.00
2013.12.18 06:05:10.300,6.11047,6.11252,1.00,1.00
2013.12.18 06:05:17.828,6.11046,6.11253,1.00,1.00
2013.12.18 06:05:46.253,6.11047,6.11252,1.00,1.00
2013.12.18 06:05:48.268,6.11036,6.11243,1.00,1.00
2013.12.18 06:06:13.006,6.11038,6.11243,1.00,1.00
2013.12.18 06:06:29.932,6.11041,6.11248,1.00,1.00
2013.12.18 06:06:58.375,6.11042,6.11247,1.00,1.00
2013.12.18 06:07:26.870,6.11041,6.11248,1.00,1.00
2013.12.18 06:08:14.316,6.11041,6.11242,1.00,1.00
2013.12.18 06:08:14.695,6.11041,6.11207,1.00,1.00
2013.12.18 06:08:15.694,6.11051,6.11236,1.00,1.00
2013.12.18 06:09:15.784,6.11041,6.11248,1.00,1.00
2013.12.18 06:09:17.165,6.11037,6.11244,1.00,1.00
2013.12.18 06:09:45.580,6.11038,6.11243,1.00,1.00
2013.12.18 06:10:14.222,6.11037,6.11244,1.00,1.00
2013.12.18 06:10:19.622,6.11041,6.11248,1.00,1.00
2013.12.18 06:10:39.243,6.11047,6.11252,1.00,1.00
2013.12.18 06:10:47.081,6.11041,6.11248,1.00,1.00
2013.12.18 06:10:54.257,6.11047,6.11252,1.00,1.00
2013.12.18 06:10:59.765,6.11042,6.11247,1.00,1.00
2013.12.18 06:11:11.739,6.11038,6.11243,1.00,1.00
2013.12.18 06:11:21.134,6.11047,6.11252,1.00,1.00
2013.12.18 06:11:56.503,6.11047,6.11165,1.00,1.18
2013.12.18 06:11:56.863,6.11047,6.11152,1.00,1.00
2013.12.18 06:11:57.085,6.11047,6.11206,1.00,1.00
2013.12.18 06:11:57.186,6.11027,6.11206,1.00,1.00
2013.12.18 06:11:57.237,6.11027,6.11183,1.00,2.06
2013.12.18 06:11:57.440,6.10866,6.11183,1.78,2.06
2013.12.18 06:12:03.383,6.10957,6.1122,2.06,1.08
2013.12.18 06:12:03.851,6.11004,6.11216,1.00,1.00
2013.12.18 06:12:04.353,6.11007,6.11216,1.00,1.00
2013.12.18 06:12:11.270,6.10989,6.11202,1.00,1.00
2013.12.18 06:12:27.524,6.10993,6.11206,1.00,1.00
2013.12.18 06:12:34.733,6.10988,6.11203,1.00,1.00
2013.12.18 06:13:05.382,6.10984,6.11198,1.00,1.00
2013.12.18 06:13:10.785,6.10989,6.11202,1.00,1.00
2013.12.18 06:13:29.363,6.1098,6.11193,1.00,1.00
2013.12.18 06:13:39.027,6.10984,6.11198,1.00,1.00
2013.12.18 06:14:01.086,6.1098,6.11193,1.00,1.00
2013.12.18 06:14:10.976,6.10983,6.11199,1.00,1.00
2013.12.18 06:14:18.587,6.10979,6.11199,1.00,1.00
2013.12.18 06:14:18.688,6.10979,6.11194,1.00,1.00
2013.12.18 06:14:28.636,6.10983,6.11199,1.00,1.00
2013.12.18 06:14:41.632,6.10979,6.11194,1.00,1.00
2013.12.18 06:14:48.343,6.10976,6.11189,1.00,1.00
2013.12.18 06:15:06.814,6.10979,6.11194,1.00,1.00
2013.12.18 06:15:26.169,6.1097,6.11194,1.00,1.00
2013.12.18 06:15:26.270,6.10971,6.11184,1.00,1.00
2013.12.18 06:15:32.059,6.10975,6.1119,1.00,1.00
2013.12.18 06:16:00.516,6.10976,6.11189,1.00,1.00
2013.12.18 06:16:04.715,6.10976,6.11172,1.00,1.00
2013.12.18 06:16:04.922,6.10976,6.11189,1.00,1.00
2013.12.18 06:16:28.808,6.10976,6.11171,1.00,1.00
2013.12.18 06:16:28.860,6.10971,6.11171,1.00,1.00
2013.12.18 06:16:43.878,6.1097,6.11171,1.00,1.00
2013.12.18 06:16:43.928,6.10997,6.11171,2.06,1.00
2013.12.18 06:16:43.979,6.10997,6.11239,2.06,1.00
2013.12.18 06:16:44.117,6.10971,6.11183,1.00,1.00
2013.12.18 06:17:06.930,6.10976,6.11183,1.00,1.00
2013.12.18 06:17:44.183,6.10976,6.11184,1.00,1.00
2013.12.18 06:18:03.823,6.10975,6.11185,1.00,1.00
2013.12.18 06:19:00.800,6.10976,6.11184,1.00,1.00
2013.12.18 06:19:29.344,6.10975,6.11185,1.00,1.00
2013.12.18 06:20:02.768,6.10976,6.11189,1.00,1.00
2013.12.18 06:20:40.365,6.10979,6.11194,1.00,1.00
2013.12.18 06:20:49.789,6.10984,6.11198,1.00,1.00
2013.12.18 06:21:07.457,6.10984,6.1118,1.00,1.00
2013.12.18 06:21:07.558,6.1098,6.1118,1.00,1.00
2013.12.18 06:21:10.722,6.1098,6.11181,1.00,1.00
2013.12.18 06:21:16.798,6.10957,6.11172,1.00,1.00
2013.12.18 06:21:32.701,6.10953,6.11166,1.00,1.00
2013.12.18 06:21:56.839,6.10953,6.11156,1.00,1.00
2013.12.18 06:21:56.890,6.10881,6.11142,1.10,2.06
2013.12.18 06:21:57.092,6.10808,6.11142,2.06,2.06
2013.12.18 06:22:04.895,6.10838,6.11159,2.06,1.18
2013.12.18 06:22:17.270,6.10838,6.11163,2.06,1.00
2013.12.18 06:22:21.440,6.10838,6.11162,2.06,1.00
2013.12.18 06:22:27.855,6.10838,6.11163,2.06,1.00
2013.12.18 06:22:30.883,6.10838,6.11162,2.06,1.00
2013.12.18 06:22:35.797,6.10838,6.11172,2.06,2.06
2013.12.18 06:22:37.526,6.10838,6.11172,2.13,2.06
2013.12.18 06:22:47.346,6.10849,6.11172,1.00,2.06
2013.12.18 06:22:55.296,6.10867,6.11197,2.06,1.18
2013.12.18 06:22:55.398,6.10849,6.11172,1.00,2.06
2013.12.18 06:22:58.381,6.10849,6.11172,1.08,2.06
2013.12.18 06:23:18.618,6.10849,6.11172,1.08,2.06
2013.12.18 06:23:39.411,6.10838,6.11172,2.13,2.06
2013.12.18 06:23:43.925,6.10888,6.11197,2.06,1.18
2013.12.18 06:23:59.446,6.10888,6.11222,2.13,2.06
2013.12.18 06:24:19.350,6.10888,6.11222,2.06,2.06
2013.12.18 06:24:44.161,6.10869,6.1123,1.18,1.18
2013.12.18 06:25:01.180,6.1089,6.11246,1.18,1.08
2013.12.18 06:25:21.435,6.10879,6.1124,1.18,1.18
2013.12.18 06:25:42.279,6.10876,6.11235,1.18,1.18
2013.12.18 06:26:02.424,6.10887,6.11247,1.18,1.18
2013.12.18 06:26:03.998,6.10918,6.11247,2.06,1.18
2013.12.18 06:26:22.940,6.10925,6.11252,1.18,2.06
2013.12.18 06:26:43.191,6.10919,6.11252,1.18,2.06
2013.12.18 06:27:03.409,6.10918,6.11252,2.13,2.06
2013.12.18 06:27:04.159,6.10915,6.11274,1.18,1.18
2013.12.18 06:27:23.394,6.10912,6.11271,1.18,1.18
2013.12.18 06:27:43.600,6.10925,6.11284,1.18,1.18
2013.12.18 06:28:04.364,6.10926,6.11285,1.18,1.18
2013.12.18 06:28:45.415,6.10924,6.11285,1.18,1.18
2013.12.18 06:29:05.440,6.10916,6.11277,1.18,1.18
2013.12.18 06:29:25.595,6.10914,6.11273,1.18,1.18
2013.12.18 06:29:45.559,6.10917,6.11275,1.18,1.18
2013.12.18 06:30:04.560,6.10903,6.11287,1.18,1.08
2013.12.18 06:30:05.866,6.1091,6.11273,1.18,1.18
2013.12.18 06:30:25.776,6.1091,6.11264,1.18,1.00
2013.12.18 06:30:25.861,6.10899,6.11261,1.18,1.18
2013.12.18 06:30:29.780,6.10899,6.11222,1.18,2.06
2013.12.18 06:30:35.680,6.10888,6.11222,2.06,2.06
2013.12.18 06:31:29.964,6.10877,6.1124,1.18,1.18
2013.12.18 06:31:37.072,6.10886,6.11247,1.18,1.08
2013.12.18 06:31:57.347,6.10881,6.11243,1.18,1.18
2013.12.18 06:32:17.332,6.10884,6.11249,1.18,1.18
2013.12.18 06:32:58.692,6.10891,6.11243,1.18,1.00
2013.12.18 06:33:08.391,6.10891,6.11255,1.18,1.18
2013.12.18 06:33:19.396,6.10892,6.11256,1.18,1.18
2013.12.18 06:33:40.211,6.10918,6.11252,2.06,2.13
2013.12.18 06:33:40.322,6.10918,6.11252,2.06,2.06
2013.12.18 06:33:59.929,6.10908,6.11222,1.18,2.06
2013.12.18 06:34:00.327,6.10889,6.11222,1.25,2.06
2013.12.18 06:34:40.647,6.10888,6.11222,2.13,2.06
2013.12.18 06:35:00.107,6.10882,6.11234,1.18,1.00
2013.12.18 06:35:01.372,6.1088,6.11234,1.18,1.00
2013.12.18 06:35:03.149,6.10894,6.11234,1.00,1.00
2013.12.18 06:35:03.344,6.1088,6.11234,1.18,1.00
2013.12.18 06:35:03.563,6.10893,6.11234,1.00,1.00
2013.12.18 06:35:05.120,6.10893,6.11234,1.08,1.00
2013.12.18 06:35:05.534,6.1091,6.11234,1.18,1.00
2013.12.18 06:35:06.116,6.1091,6.11254,1.18,1.00
2013.12.18 06:35:06.167,6.1091,6.11265,1.18,1.00
2013.12.18 06:35:09.202,6.10918,6.11252,2.06,2.06
2013.12.18 06:36:09.262,6.10899,6.11256,1.18,1.08
2013.12.18 06:36:26.193,6.10904,6.11256,1.18,1.00
2013.12.18 06:36:30.759,6.10904,6.11255,1.18,1.00
2013.12.18 06:36:34.942,6.10904,6.11269,1.18,1.18
2013.12.18 06:36:46.429,6.10907,6.11269,1.18,1.08
2013.12.18 06:36:58.084,6.10915,6.1127,1.00,1.18
2013.12.18 06:37:04.866,6.10935,6.11278,1.18,1.00
2013.12.18 06:37:04.916,6.10935,6.11287,1.18,1.00
2013.12.18 06:37:25.419,6.10927,6.11287,1.18,1.08
2013.12.18 06:37:27.451,6.11004,6.11286,1.00,1.10
2013.12.18 06:37:28.413,6.11004,6.11253,1.00,2.06
2013.12.18 06:37:28.464,6.10938,6.11253,1.18,2.06
2013.12.18 06:37:41.994,6.10928,6.11253,1.00,2.06
2013.12.18 06:37:42.630,6.10928,6.11252,1.00,1.00
2013.12.18 06:37:51.325,6.10928,6.11253,1.00,2.06
2013.12.18 06:38:02.329,6.10928,6.11253,1.08,2.06
2013.12.18 06:38:28.424,6.10928,6.11287,1.08,1.58
2013.12.18 06:38:42.850,6.10931,6.11287,1.18,1.00
2013.12.18 06:38:51.243,6.10931,6.11286,1.18,1.00
2013.12.18 06:39:01.313,6.10938,6.11286,1.18,1.00
2013.12.18 06:39:02.252,6.10959,6.11292,1.18,2.06
2013.12.18 06:39:15.889,6.10959,6.11291,1.18,1.00
2013.12.18 06:39:21.330,6.10958,6.11291,2.06,1.00
2013.12.18 06:39:44.329,6.10958,6.11292,2.06,2.81
2013.12.18 06:39:53.766,6.10958,6.11287,2.06,1.00
2013.12.18 06:39:55.072,6.10934,6.11252,1.18,2.06
2013.12.18 06:40:02.028,6.10928,6.11252,2.13,2.06
2013.12.18 06:40:22.273,6.10928,6.11252,2.06,2.06
2013.12.18 06:40:55.318,6.10922,6.11269,1.18,1.00
2013.12.18 06:41:03.763,6.10917,6.11269,1.18,1.00
2013.12.18 06:41:08.141,6.10917,6.1127,1.18,1.00
2013.12.18 06:41:21.049,6.10917,6.11269,1.18,1.00
2013.12.18 06:41:24.367,6.10916,6.11269,1.18,1.00
2013.12.18 06:41:27.277,6.10916,6.11252,1.18,1.00
2013.12.18 06:41:36.478,6.10916,6.11251,1.18,1.00
2013.12.18 06:41:44.304,6.10917,6.11251,1.18,1.00
2013.12.18 06:42:04.438,6.10916,6.11251,1.18,1.00
2013.12.18 06:42:24.932,6.10914,6.11251,1.18,1.00
2013.12.18 06:42:43.433,6.10914,6.11252,1.18,1.00
2013.12.18 06:42:45.089,6.10916,6.11252,1.18,1.00
2013.12.18 06:42:51.277,6.10916,6.11265,1.18,1.00
2013.12.18 06:42:51.328,6.10929,6.11253,1.00,1.00
2013.12.18 06:42:51.740,6.10929,6.11223,1.00,2.06
2013.12.18 06:43:13.755,6.10889,6.11223,1.00,2.06
2013.12.18 06:43:19.227,6.10889,6.11192,1.00,2.06
2013.12.18 06:43:49.947,6.10888,6.11187,1.00,1.00
2013.12.18 06:43:55.674,6.10858,6.11176,2.06,1.00
2013.12.18 06:43:55.725,6.10838,6.11163,1.00,2.06
2013.12.18 06:44:56.561,6.10829,6.11194,1.18,1.65
2013.12.18 06:45:00.362,6.10829,6.11162,1.18,2.06
2013.12.18 06:45:34.949,6.10836,6.11162,1.00,2.06
2013.12.18 06:45:36.189,6.10841,6.11162,1.18,2.06
2013.12.18 06:45:56.252,6.10835,6.11162,1.18,2.06
2013.12.18 06:46:00.524,6.10835,6.11197,1.18,1.18
2013.12.18 06:46:16.456,6.10844,6.11203,1.18,1.10
2013.12.18 06:46:22.745,6.10844,6.11198,1.18,1.00
2013.12.18 06:46:37.310,6.10839,6.11198,1.18,1.08
2013.12.18 06:46:49.375,6.10839,6.11193,1.18,1.00
2013.12.18 06:46:50.221,6.10888,6.11193,1.00,1.00
2013.12.18 06:46:57.378,6.10888,6.11198,1.00,1.08
2013.12.18 06:46:57.915,6.10888,6.11196,1.00,1.18
2013.12.18 06:47:18.231,6.10888,6.11194,1.00,1.00
2013.12.18 06:47:31.226,6.10888,6.11193,1.00,1.00
2013.12.18 06:47:50.740,6.10843,6.11193,1.18,1.00
2013.12.18 06:47:51.290,6.10843,6.11176,1.18,1.00
2013.12.18 06:47:58.361,6.10838,6.11176,1.18,1.00
2013.12.18 06:48:14.510,6.10838,6.11194,1.18,1.00
2013.12.18 06:48:19.375,6.10836,6.11194,1.18,1.00
2013.12.18 06:48:22.514,6.10836,6.1119,1.18,1.00
2013.12.18 06:48:23.147,6.10888,6.11176,1.00,1.00
2013.12.18 06:49:23.149,6.10838,6.11189,1.18,1.00
2013.12.18 06:49:45.614,6.10838,6.1119,1.18,1.00
2013.12.18 06:50:03.291,6.10837,6.1119,1.18,1.00
2013.12.18 06:51:04.356,6.1084,6.1119,1.18,1.00
2013.12.18 06:51:11.190,6.1084,6.11189,1.18,1.00
2013.12.18 06:51:25.340,6.10842,6.11189,1.18,1.00
2013.12.18 06:51:32.518,6.10842,6.11185,1.18,1.00
2013.12.18 06:51:45.365,6.10838,6.11185,1.18,1.00
2013.12.18 06:52:00.916,6.10838,6.11184,1.18,1.00
2013.12.18 06:52:02.442,6.10838,6.1119,1.18,1.00
2013.12.18 06:52:06.381,6.10842,6.1119,1.18,1.00
2013.12.18 06:52:26.385,6.10841,6.1119,1.18,1.00
2013.12.18 06:52:30.773,6.10841,6.11189,1.18,1.00
2013.12.18 06:52:36.038,6.10841,6.11203,1.18,1.08
2013.12.18 06:52:47.401,6.1085,6.11203,1.18,1.00
2013.12.18 06:52:58.347,6.10857,6.11193,2.06,2.06
2013.12.18 06:53:00.494,6.10889,6.11193,1.00,2.06
2013.12.18 06:53:58.771,6.10889,6.11208,1.00,1.18
2013.12.18 06:54:00.747,6.10854,6.11208,1.00,1.18
2013.12.18 06:54:08.410,6.10854,6.11202,1.00,1.18
2013.12.18 06:54:25.050,6.10853,6.11202,1.00,1.18
2013.12.18 06:54:28.465,6.10853,6.11203,1.00,1.18
2013.12.18 06:54:49.361,6.10853,6.1121,1.00,1.18
2013.12.18 06:55:10.068,6.10853,6.11207,1.00,1.18
2013.12.18 06:55:24.906,6.10845,6.11207,1.65,1.18
2013.12.18 06:55:30.281,6.10851,6.11211,1.18,1.08
2013.12.18 06:55:32.221,6.10899,6.11211,1.18,1.08
2013.12.18 06:55:32.423,6.10929,6.11243,1.00,1.00
2013.12.18 06:55:32.474,6.10968,6.11243,2.06,1.00
2013.12.18 06:55:32.804,6.11044,6.11231,1.00,1.00
2013.12.18 06:55:33.373,6.11046,6.11231,1.00,1.00
2013.12.18 06:55:33.695,6.11044,6.11223,1.00,1.00
2013.12.18 06:55:33.746,6.11016,6.11215,1.00,1.00
2013.12.18 06:55:34.385,6.11042,6.11223,1.00,1.00
2013.12.18 06:55:34.486,6.11042,6.11227,1.00,1.00
2013.12.18 06:55:45.940,6.11068,6.11255,1.00,1.00
2013.12.18 06:55:46.143,6.11068,6.11219,1.00,1.00
2013.12.18 06:55:46.194,6.11038,6.11219,1.00,1.00
2013.12.18 06:55:46.512,6.11038,6.11225,1.00,1.00
2013.12.18 06:55:57.748,6.11038,6.11216,1.00,1.00
2013.12.18 06:56:05.060,6.11038,6.11212,1.00,1.00
2013.12.18 06:56:10.271,6.11038,6.11202,1.00,1.00
2013.12.18 06:56:17.771,6.10988,6.11175,1.00,1.00
2013.12.18 06:56:17.871,6.10982,6.11163,1.00,1.00
2013.12.18 06:56:18.718,6.1096,6.11163,1.00,1.00
2013.12.18 06:56:19.839,6.10995,6.11195,1.00,1.00
2013.12.18 06:56:19.953,6.10944,6.11195,1.00,1.00
2013.12.18 06:56:20.032,6.10916,6.11195,1.00,1.00
2013.12.18 06:56:25.106,6.10915,6.11198,1.50,1.00
2013.12.18 06:56:25.207,6.10927,6.11198,1.00,1.00
2013.12.18 06:56:40.226,6.10922,6.11198,1.00,1.00
2013.12.18 06:56:54.767,6.10923,6.11198,1.00,1.00
2013.12.18 06:56:54.971,6.10928,6.11198,1.00,1.00
2013.12.18 06:56:59.983,6.10931,6.11198,1.00,1.00
2013.12.18 06:57:02.865,6.10931,6.11198,1.38,1.00
2013.12.18 06:57:03.270,6.11038,6.11212,1.00,1.00
2013.12.18 06:57:03.922,6.11044,6.11229,1.00,1.00
2013.12.18 06:57:07.463,6.11044,6.11223,1.00,2.06
2013.12.18 06:57:07.564,6.11023,6.11206,1.00,1.00
2013.12.18 06:57:07.665,6.10995,6.11198,1.00,1.00
2013.12.18 06:57:07.817,6.10979,6.11198,1.00,1.00
2013.12.18 06:57:07.889,6.10995,6.11198,1.00,1.00
2013.12.18 06:57:08.322,6.10979,6.11199,1.00,1.00
2013.12.18 06:57:08.680,6.10989,6.11206,1.00,1.00
2013.12.18 06:57:08.883,6.10979,6.11206,1.00,1.00
2013.12.18 06:57:08.984,6.10945,6.11206,1.00,1.00
2013.12.18 06:57:09.135,6.10893,6.11206,1.00,1.00
2013.12.18 06:57:14.743,6.10985,6.11206,1.00,1.00
2013.12.18 06:57:15.168,6.11025,6.11206,1.00,1.00
2013.12.18 06:57:21.620,6.11025,6.11207,1.00,1.00
2013.12.18 06:57:22.661,6.11025,6.11206,1.00,1.00
2013.12.18 06:57:24.462,6.11025,6.11207,1.00,1.00
2013.12.18 06:57:27.571,6.11084,6.11207,1.00,1.00
2013.12.18 06:57:28.165,6.11084,6.11226,1.00,1.00
2013.12.18 06:57:28.216,6.11084,6.11263,1.00,2.06
2013.12.18 06:57:28.267,6.11125,6.11263,1.00,2.06
2013.12.18 06:57:28.369,6.11095,6.11263,1.00,2.06
2013.12.18 06:57:28.420,6.11095,6.11222,1.00,1.00
2013.12.18 06:57:28.471,6.11053,6.11203,1.00,1.00
2013.12.18 06:57:28.572,6.11035,6.11203,1.00,1.00
2013.12.18 06:57:40.076,6.11035,6.11198,1.00,1.00
2013.12.18 06:57:52.775,6.11035,6.11206,1.00,1.00
2013.12.18 06:57:58.784,6.11035,6.1119,1.00,1.00
2013.12.18 06:58:07.142,6.11035,6.11228,1.00,1.00
2013.12.18 06:58:07.193,6.11024,6.11296,1.00,1.18
2013.12.18 06:58:07.303,6.11024,6.11306,1.00,1.00
2013.12.18 06:58:14.732,6.11024,6.11322,1.00,2.06
2013.12.18 06:58:36.247,6.11065,6.11322,1.00,2.06
2013.12.18 06:58:36.542,6.11065,6.11335,1.00,1.00
2013.12.18 06:58:45.959,6.11065,6.11339,1.00,1.00
2013.12.18 06:58:59.392,6.11065,6.11338,1.00,1.00
2013.12.18 06:59:05.611,6.11065,6.11266,1.00,1.00
2013.12.18 06:59:06.126,6.11064,6.11266,1.00,1.00
2013.12.18 06:59:07.049,6.11064,6.11267,1.00,1.00
2013.12.18 06:59:08.903,6.10989,6.11267,1.00,1.00
2013.12.18 06:59:09.433,6.10984,6.11267,1.60,1.00
2013.12.18 06:59:09.652,6.10984,6.11312,1.60,2.06
2013.12.18 06:59:30.180,6.10984,6.11312,1.00,2.06
2013.12.18 06:59:36.952,6.11024,6.11312,1.00,2.06
2013.12.18 06:59:37.261,6.11145,6.11312,1.00,2.06
2013.12.18 06:59:38.151,6.11145,6.11338,1.00,1.00
2013.12.18 06:59:38.252,6.11145,6.11349,1.00,1.00
2013.12.18 06:59:39.094,6.11155,6.11349,1.00,1.00
2013.12.18 06:59:39.626,6.11174,6.11349,1.00,1.00
2013.12.18 06:59:45.358,6.11179,6.11349,1.00,1.00
2013.12.18 06:59:47.821,6.11179,6.11356,1.00,1.00
2013.12.18 06:59:47.980,6.11179,6.11353,1.00,1.00
2013.12.18 06:59:48.081,6.11075,6.11339,1.78,1.00
2013.12.18 06:59:48.132,6.11075,6.11339,1.18,1.00
2013.12.18 06:59:48.258,6.11064,6.11339,1.00,1.00
