2014.10.08 20:00:00.205,6.43407,6.43621,1.30,1.30
2014.10.08 20:00:00.255,6.43427,6.4366,1.30,1.30
2014.10.08 20:00:01.897,6.43392,6.43625,1.30,1.30
2014.10.08 20:00:15.822,6.43432,6.43642,1.30,1.30
2014.10.08 20:00:29.071,6.43456,6.43642,1.30,1.30
2014.10.08 20:00:29.377,6.43535,6.43717,1.30,1.30
2014.10.08 20:00:29.654,6.43535,6.43744,1.30,1.30
2014.10.08 20:00:32.386,6.43551,6.43744,1.30,1.30
2014.10.08 20:00:32.437,6.4357,6.43779,1.30,1.30
2014.10.08 20:00:43.557,6.43605,6.43798,1.30,1.30
2014.10.08 20:00:43.607,6.43605,6.43814,1.30,1.37
2014.10.08 20:00:51.994,6.43607,6.43814,1.00,1.37
2014.10.08 20:00:52.405,6.4364,6.43818,1.30,1.21
2014.10.08 20:00:52.778,6.4364,6.4385,1.30,1.30
2014.10.08 20:00:53.345,6.43645,6.4385,1.00,1.30
2014.10.08 20:00:53.536,6.43676,6.43885,1.30,1.30
2014.10.08 20:00:57.746,6.43643,6.43841,1.00,1.30
2014.10.08 20:00:57.847,6.43631,6.43841,1.72,1.30
2014.10.08 20:01:06.472,6.43667,6.43849,1.30,1.00
2014.10.08 20:01:06.776,6.43678,6.43876,1.60,1.30
2014.10.08 20:01:08.313,6.43701,6.43911,1.30,1.30
2014.10.08 20:01:08.517,6.43703,6.43911,1.00,1.30
2014.10.08 20:01:08.719,6.43701,6.43911,1.30,1.30
2014.10.08 20:01:23.111,6.43676,6.43869,2.10,1.30
2014.10.08 20:01:23.162,6.4367,6.43869,1.00,1.30
2014.10.08 20:01:23.265,6.43665,6.43869,1.00,1.30
2014.10.08 20:01:23.468,6.43659,6.43869,1.30,1.30
2014.10.08 20:01:23.720,6.43661,6.43869,1.00,1.30
2014.10.08 20:01:24.033,6.43659,6.43869,1.30,1.30
2014.10.08 20:01:31.702,6.43662,6.43869,1.00,1.30
2014.10.08 20:01:42.373,6.43659,6.43869,1.30,1.30
2014.10.08 20:01:43.108,6.43634,6.43844,1.30,1.30
2014.10.08 20:01:49.881,6.43636,6.43844,1.00,1.30
2014.10.08 20:02:00.534,6.43646,6.43844,1.00,1.30
2014.10.08 20:02:00.965,6.43683,6.43896,1.30,1.30
2014.10.08 20:02:04.201,6.43683,6.43896,1.90,1.30
2014.10.08 20:02:09.875,6.4372,6.4393,1.30,1.49
2014.10.08 20:02:10.162,6.4372,6.4393,1.30,1.30
2014.10.08 20:02:14.380,6.4372,6.4393,1.30,1.49
2014.10.08 20:02:16.587,6.4372,6.43924,1.30,1.00
2014.10.08 20:02:17.903,6.437,6.4389,1.30,1.30
2014.10.08 20:02:18.005,6.4368,6.4389,1.76,1.30
2014.10.08 20:02:20.826,6.43718,6.4391,1.30,1.30
2014.10.08 20:02:20.877,6.43718,6.43926,1.30,1.30
2014.10.08 20:02:41.229,6.43705,6.43915,1.30,1.30
2014.10.08 20:03:01.402,6.43722,6.43932,1.30,1.30
2014.10.08 20:03:07.731,6.43722,6.43929,1.30,1.00
2014.10.08 20:03:08.061,6.43722,6.43932,1.30,1.30
2014.10.08 20:03:10.312,6.43722,6.43916,1.30,1.30
2014.10.08 20:03:10.413,6.43688,6.43897,1.30,1.30
2014.10.08 20:03:11.471,6.43688,6.43893,1.30,1.00
2014.10.08 20:03:13.354,6.43688,6.43897,1.30,1.30
2014.10.08 20:03:17.025,6.43688,6.43883,1.30,1.30
2014.10.08 20:03:17.126,6.43653,6.43863,1.30,1.30
2014.10.08 20:03:20.129,6.43653,6.43847,1.30,1.30
2014.10.08 20:03:20.750,6.43617,6.43827,1.90,1.30
2014.10.08 20:03:34.144,6.43617,6.43827,1.30,1.30
2014.10.08 20:03:34.887,6.43664,6.43827,2.10,1.30
2014.10.08 20:03:35.039,6.43687,6.43867,1.49,1.00
2014.10.08 20:03:35.254,6.43687,6.43899,1.49,1.30
2014.10.08 20:03:35.676,6.43694,6.43899,1.00,1.30
2014.10.08 20:03:36.898,6.43687,6.43899,1.49,1.30
2014.10.08 20:03:36.949,6.43687,6.43899,1.30,1.30
2014.10.08 20:03:39.080,6.43687,6.43898,1.30,1.27
2014.10.08 20:03:39.643,6.43687,6.43899,1.30,1.49
2014.10.08 20:03:41.705,6.43687,6.43899,1.30,1.30
2014.10.08 20:03:43.909,6.43719,6.43899,2.10,1.30
2014.10.08 20:03:43.960,6.43733,6.43943,1.30,1.49
2014.10.08 20:03:44.011,6.43733,6.43943,1.30,1.30
2014.10.08 20:03:44.163,6.43737,6.43943,1.00,1.30
2014.10.08 20:03:48.232,6.43733,6.43943,1.30,1.30
2014.10.08 20:03:51.732,6.43733,6.43938,1.30,1.27
2014.10.08 20:03:54.194,6.43733,6.43943,1.30,1.30
2014.10.08 20:03:56.105,6.43733,6.43943,1.30,1.49
2014.10.08 20:03:58.110,6.43733,6.43943,1.30,1.30
2014.10.08 20:03:58.951,6.43733,6.43938,1.30,1.27
2014.10.08 20:03:59.308,6.43699,6.43912,1.00,1.30
2014.10.08 20:03:59.849,6.43698,6.43912,1.30,1.30
2014.10.08 20:04:19.374,6.43691,6.43901,1.30,1.30
2014.10.08 20:04:33.418,6.43693,6.43901,1.00,1.30
2014.10.08 20:04:40.071,6.437,6.4391,1.30,1.30
2014.10.08 20:05:00.226,6.43711,6.43918,1.30,1.30
2014.10.08 20:05:08.318,6.43711,6.43918,1.30,1.49
2014.10.08 20:05:10.323,6.43711,6.43918,1.30,1.30
2014.10.08 20:05:15.106,6.43711,6.43917,1.30,1.27
2014.10.08 20:05:15.714,6.43711,6.43918,1.30,1.93
2014.10.08 20:05:18.095,6.43711,6.43908,1.30,1.27
2014.10.08 20:05:19.266,6.43711,6.43918,1.30,1.16
2014.10.08 20:05:20.255,6.43714,6.43924,1.30,1.49
2014.10.08 20:05:21.377,6.43714,6.43924,1.30,1.49
2014.10.08 20:05:25.369,6.43714,6.43924,1.30,1.30
2014.10.08 20:05:29.382,6.43714,6.43924,1.30,1.49
2014.10.08 20:05:31.395,6.43714,6.43924,1.30,1.49
2014.10.08 20:05:34.096,6.43714,6.43924,1.30,1.30
2014.10.08 20:05:35.629,6.43714,6.43924,1.49,1.30
2014.10.08 20:05:35.730,6.43762,6.43972,1.30,1.30
2014.10.08 20:05:35.882,6.43797,6.43992,1.30,1.30
2014.10.08 20:05:35.933,6.43797,6.44007,1.30,1.30
2014.10.08 20:05:55.077,6.43797,6.44007,1.90,1.30
2014.10.08 20:05:55.359,6.43797,6.44007,1.30,1.30
2014.10.08 20:05:56.260,6.43794,6.44002,1.30,1.30
2014.10.08 20:05:56.569,6.43815,6.44002,2.10,1.30
2014.10.08 20:05:56.771,6.4383,6.44038,1.90,1.30
2014.10.08 20:05:56.923,6.43815,6.44098,2.10,1.00
2014.10.08 20:05:57.889,6.43822,6.44072,1.90,1.30
2014.10.08 20:05:58.195,6.43843,6.44051,1.90,1.30
2014.10.08 20:05:58.429,6.43831,6.44098,1.60,1.00
2014.10.08 20:05:59.090,6.43831,6.44068,1.60,1.30
2014.10.08 20:05:59.402,6.43839,6.44048,1.90,1.30
2014.10.08 20:05:59.874,6.43839,6.44048,2.51,1.30
2014.10.08 20:06:02.783,6.43839,6.44048,2.09,1.30
2014.10.08 20:06:03.886,6.43839,6.44048,2.09,1.30
2014.10.08 20:06:03.987,6.43839,6.44048,1.90,1.30
2014.10.08 20:06:05.795,6.43839,6.44034,1.90,1.19
2014.10.08 20:06:05.846,6.43839,6.44034,1.30,1.19
2014.10.08 20:06:05.947,6.43825,6.44005,1.00,1.30
2014.10.08 20:06:06.048,6.43798,6.44005,1.30,1.30
2014.10.08 20:06:06.798,6.43798,6.44005,1.30,1.49
2014.10.08 20:06:07.546,6.43767,6.4397,1.00,1.30
2014.10.08 20:06:07.909,6.43762,6.4397,1.30,1.30
2014.10.08 20:06:10.228,6.43762,6.43965,1.30,1.00
2014.10.08 20:06:10.554,6.43762,6.43951,1.30,1.00
2014.10.08 20:06:10.657,6.43725,6.43934,1.30,1.30
2014.10.08 20:06:20.825,6.43725,6.43932,1.30,1.00
2014.10.08 20:06:23.097,6.43705,6.43899,1.30,1.30
2014.10.08 20:06:23.148,6.4369,6.43899,1.30,1.30
2014.10.08 20:06:30.374,6.4369,6.43899,1.30,1.49
2014.10.08 20:06:32.983,6.4369,6.4389,1.30,1.19
2014.10.08 20:06:33.475,6.43641,6.43851,1.30,1.30
2014.10.08 20:06:47.868,6.43641,6.43817,1.30,1.00
2014.10.08 20:06:48.232,6.43542,6.43704,1.80,1.30
2014.10.08 20:06:49.033,6.43542,6.43745,1.73,1.30
2014.10.08 20:06:49.236,6.43574,6.43782,1.30,1.30
2014.10.08 20:06:49.909,6.43608,6.43818,1.30,1.30
2014.10.08 20:07:10.173,6.43593,6.43802,1.30,1.30
2014.10.08 20:07:28.655,6.43623,6.43802,1.30,1.30
2014.10.08 20:07:28.707,6.43643,6.43854,1.30,1.30
2014.10.08 20:07:44.625,6.43685,6.43894,1.30,1.49
2014.10.08 20:07:46.829,6.43685,6.43894,1.30,1.30
2014.10.08 20:07:57.557,6.43685,6.43874,1.30,1.30
2014.10.08 20:07:57.608,6.43645,6.43854,1.30,1.30
2014.10.08 20:08:17.652,6.43647,6.43854,1.30,1.30
2014.10.08 20:08:17.753,6.43666,6.43876,1.30,1.30
2014.10.08 20:08:22.617,6.43666,6.43876,1.30,1.49
2014.10.08 20:08:24.753,6.43666,6.43876,1.30,1.49
2014.10.08 20:08:26.742,6.43666,6.43876,1.30,1.49
2014.10.08 20:08:28.715,6.43666,6.43876,1.30,1.30
2014.10.08 20:08:30.721,6.43666,6.43876,1.30,1.49
2014.10.08 20:08:32.726,6.43666,6.43876,1.30,1.30
2014.10.08 20:08:37.768,6.43659,6.43868,1.30,1.30
2014.10.08 20:08:57.827,6.43642,6.43852,1.30,1.30
2014.10.08 20:09:04.826,6.43642,6.43852,1.90,1.30
2014.10.08 20:09:04.927,6.43673,6.43886,1.30,1.30
2014.10.08 20:09:05.130,6.4371,6.4392,1.30,1.30
2014.10.08 20:09:13.396,6.4371,6.4392,1.49,1.30
2014.10.08 20:09:13.548,6.43745,6.43955,1.30,1.30
2014.10.08 20:09:34.158,6.43744,6.43954,1.30,1.30
2014.10.08 20:09:43.775,6.43725,6.43973,1.30,1.30
2014.10.08 20:09:43.826,6.43698,6.43988,2.29,1.19
2014.10.08 20:09:43.947,6.43698,6.43986,1.79,1.19
2014.10.08 20:09:44.578,6.43744,6.43954,1.30,1.30
2014.10.08 20:09:55.096,6.43739,6.43949,1.30,1.30
2014.10.08 20:10:16.180,6.43742,6.4395,1.30,1.30
2014.10.08 20:10:56.232,6.4374,6.43947,1.30,1.30
2014.10.08 20:11:16.269,6.4373,6.43939,1.30,1.30
2014.10.08 20:11:32.674,6.43681,6.43876,1.60,1.30
2014.10.08 20:11:37.584,6.43669,6.43876,1.30,1.30
2014.10.08 20:11:52.807,6.43671,6.43881,1.30,1.30
2014.10.08 20:12:12.815,6.43646,6.43856,1.30,1.30
2014.10.08 20:12:15.695,6.43665,6.43856,1.30,1.30
2014.10.08 20:12:16.250,6.43685,6.43878,1.30,1.19
2014.10.08 20:12:16.537,6.43685,6.43895,1.30,1.30
2014.10.08 20:12:22.557,6.43685,6.43895,1.30,1.49
2014.10.08 20:12:26.667,6.43685,6.43895,1.30,1.49
2014.10.08 20:12:28.973,6.43685,6.43895,1.30,1.30
2014.10.08 20:12:35.700,6.43665,6.43868,1.30,1.30
2014.10.08 20:12:35.750,6.43658,6.43868,1.30,1.30
2014.10.08 20:12:56.150,6.43644,6.43854,1.30,1.30
2014.10.08 20:12:57.891,6.43681,6.43874,1.30,1.30
2014.10.08 20:12:57.941,6.43681,6.4389,1.30,1.30
2014.10.08 20:13:05.264,6.43681,6.4389,1.30,1.49
2014.10.08 20:13:07.303,6.43681,6.4389,1.30,1.49
2014.10.08 20:13:09.778,6.43681,6.4389,1.30,1.30
2014.10.08 20:13:16.971,6.43646,6.43855,1.30,1.30
2014.10.08 20:13:17.275,6.43626,6.43821,1.00,1.30
2014.10.08 20:13:17.326,6.43611,6.43821,1.30,1.30
2014.10.08 20:13:37.135,6.43607,6.43817,1.30,1.30
2014.10.08 20:13:51.923,6.43607,6.43817,1.30,1.49
2014.10.08 20:13:52.213,6.43574,6.43781,1.30,1.30
2014.10.08 20:14:12.206,6.43566,6.43776,1.30,1.30
2014.10.08 20:14:32.537,6.43575,6.43785,1.30,1.30
2014.10.08 20:14:45.177,6.43575,6.43781,1.30,1.00
2014.10.08 20:14:45.480,6.43542,6.4375,1.47,1.30
2014.10.08 20:14:47.316,6.43543,6.4375,1.42,1.30
2014.10.08 20:14:48.136,6.43541,6.4375,2.20,1.30
2014.10.08 20:14:50.984,6.43595,6.43769,1.30,1.00
2014.10.08 20:14:51.034,6.43595,6.4378,1.30,1.00
2014.10.08 20:14:51.136,6.43595,6.43805,1.30,1.30
2014.10.08 20:14:53.346,6.43636,6.43825,1.30,1.30
2014.10.08 20:14:53.397,6.43617,6.43807,1.30,1.30
2014.10.08 20:14:53.498,6.436,6.43807,1.30,1.30
2014.10.08 20:14:53.701,6.43637,6.43828,1.30,1.30
2014.10.08 20:14:53.802,6.43637,6.43846,1.30,1.30
2014.10.08 20:14:57.521,6.43617,6.4381,1.30,1.30
2014.10.08 20:14:57.582,6.43602,6.4381,1.30,1.30
2014.10.08 20:15:16.601,6.43581,6.4377,1.30,1.30
2014.10.08 20:15:16.652,6.43562,6.4377,1.90,1.30
2014.10.08 20:15:17.022,6.43562,6.4377,1.30,1.30
2014.10.08 20:15:37.138,6.4357,6.4378,1.30,1.30
2014.10.08 20:15:52.566,6.4357,6.4378,1.30,1.49
2014.10.08 20:15:54.774,6.4357,6.4378,1.30,1.30
2014.10.08 20:15:55.790,6.4357,6.43777,1.30,1.00
2014.10.08 20:15:56.889,6.4357,6.4378,1.30,1.30
2014.10.08 20:15:57.582,6.4357,6.4378,1.30,1.49
2014.10.08 20:15:57.663,6.4355,6.43755,1.67,1.30
2014.10.08 20:15:59.169,6.43546,6.43755,1.67,1.30
2014.10.08 20:15:59.690,6.43546,6.43755,1.67,1.30
2014.10.08 20:16:00.092,6.43546,6.43748,1.67,1.00
2014.10.08 20:16:00.516,6.43546,6.43748,1.67,1.19
2014.10.08 20:16:01.131,6.43546,6.43751,1.30,1.19
2014.10.08 20:16:01.284,6.43527,6.4371,1.30,1.30
2014.10.08 20:16:01.335,6.43502,6.4371,1.00,1.30
2014.10.08 20:16:01.399,6.435,6.4371,1.30,1.30
2014.10.08 20:16:04.519,6.43468,6.43675,1.00,1.30
2014.10.08 20:16:05.579,6.43465,6.43675,1.30,1.30
2014.10.08 20:16:25.220,6.43463,6.43665,1.00,1.30
2014.10.08 20:16:26.758,6.43468,6.43665,1.00,1.30
2014.10.08 20:16:27.065,6.43482,6.43665,1.00,1.30
2014.10.08 20:16:27.368,6.435,6.4371,1.30,1.30
2014.10.08 20:16:27.880,6.435,6.4371,1.30,1.49
2014.10.08 20:16:29.578,6.43475,6.43675,1.00,1.30
2014.10.08 20:16:30.700,6.4348,6.43675,1.00,1.30
2014.10.08 20:16:31.032,6.43492,6.43675,1.00,1.30
2014.10.08 20:16:31.618,6.43498,6.43675,1.00,1.30
2014.10.08 20:16:31.780,6.43502,6.43711,1.30,1.30
2014.10.08 20:16:34.009,6.43517,6.43711,1.00,1.30
2014.10.08 20:16:34.340,6.43526,6.43711,1.00,1.30
2014.10.08 20:16:34.546,6.43518,6.43711,1.00,1.30
2014.10.08 20:16:34.771,6.43505,6.43711,1.00,1.30
2014.10.08 20:16:36.379,6.43513,6.43711,1.00,1.30
2014.10.08 20:16:41.108,6.43506,6.43711,1.00,1.30
2014.10.08 20:16:41.329,6.43514,6.43711,1.00,1.30
2014.10.08 20:16:41.548,6.43506,6.43711,1.00,1.30
2014.10.08 20:16:43.089,6.43513,6.43711,1.00,1.30
2014.10.08 20:16:47.489,6.43519,6.43711,1.00,1.30
2014.10.08 20:16:52.091,6.43519,6.4372,1.00,1.30
2014.10.08 20:17:08.718,6.43523,6.4372,1.00,1.30
2014.10.08 20:17:12.249,6.43523,6.43725,1.00,1.30
2014.10.08 20:17:25.703,6.43533,6.43725,1.00,1.30
2014.10.08 20:17:26.208,6.43547,6.43725,1.00,1.30
2014.10.08 20:17:30.471,6.4355,6.43745,1.30,1.30
2014.10.08 20:17:30.572,6.43551,6.4376,1.00,1.30
2014.10.08 20:17:30.875,6.43564,6.4376,1.00,1.30
2014.10.08 20:17:31.128,6.43585,6.43794,1.30,1.49
2014.10.08 20:17:31.647,6.43586,6.43794,1.00,1.49
2014.10.08 20:17:32.209,6.43586,6.43794,1.00,1.30
2014.10.08 20:17:32.260,6.43591,6.43794,1.00,1.30
2014.10.08 20:17:32.918,6.43585,6.43794,1.72,1.30
2014.10.08 20:17:51.125,6.43582,6.4379,1.30,1.30
2014.10.08 20:17:52.719,6.43582,6.4379,1.30,1.49
2014.10.08 20:17:54.726,6.43582,6.4379,1.30,1.49
2014.10.08 20:17:56.731,6.43582,6.4379,1.30,1.49
2014.10.08 20:17:58.834,6.43582,6.4379,1.30,1.49
2014.10.08 20:18:01.340,6.43582,6.4379,1.30,1.30
2014.10.08 20:18:11.069,6.43581,6.43789,1.30,1.30
2014.10.08 20:18:13.869,6.43581,6.43789,1.30,1.49
2014.10.08 20:18:15.881,6.43581,6.43789,1.30,1.16
2014.10.08 20:18:32.113,6.4357,6.43776,1.00,1.30
2014.10.08 20:18:32.550,6.43578,6.43776,1.00,1.49
2014.10.08 20:18:32.759,6.43566,6.43776,1.30,1.49
2014.10.08 20:18:34.631,6.43566,6.43776,1.30,1.30
2014.10.08 20:18:52.176,6.43546,6.43751,1.30,1.30
2014.10.08 20:18:52.227,6.43543,6.43751,1.72,1.30
2014.10.08 20:19:12.221,6.43538,6.43739,1.00,1.30
2014.10.08 20:19:26.734,6.4353,6.43739,1.72,1.30
2014.10.08 20:19:27.584,6.4353,6.43739,1.72,1.49
2014.10.08 20:19:32.107,6.43574,6.43739,1.00,1.30
2014.10.08 20:19:32.157,6.43588,6.43759,1.30,1.30
2014.10.08 20:19:32.209,6.43588,6.43798,1.49,1.30
2014.10.08 20:19:32.310,6.43588,6.43798,1.30,1.30
2014.10.08 20:19:32.411,6.43574,6.43761,1.00,1.30
2014.10.08 20:19:32.664,6.4353,6.43723,1.00,1.30
2014.10.08 20:19:33.529,6.43535,6.43723,1.00,1.30
2014.10.08 20:19:34.505,6.43529,6.43723,1.00,1.30
2014.10.08 20:19:42.126,6.43625,6.43744,1.30,1.30
2014.10.08 20:19:42.227,6.43646,6.43834,1.19,1.30
2014.10.08 20:19:42.430,6.43642,6.43834,1.00,1.30
2014.10.08 20:19:42.582,6.43714,6.43834,1.00,1.30
2014.10.08 20:19:42.735,6.43714,6.43854,1.00,1.30
2014.10.08 20:19:42.837,6.43714,6.43892,1.00,1.30
2014.10.08 20:19:43.088,6.43745,6.43892,1.00,1.30
2014.10.08 20:19:44.625,6.43688,6.43892,1.19,1.30
2014.10.08 20:19:44.676,6.43682,6.43892,1.30,1.30
2014.10.08 20:20:12.502,6.43645,6.43853,1.30,1.30
2014.10.08 20:20:19.687,6.43661,6.43853,1.30,1.30
2014.10.08 20:20:19.788,6.43682,6.43889,1.30,1.30
2014.10.08 20:20:24.164,6.43682,6.43889,1.30,1.49
2014.10.08 20:20:24.438,6.43643,6.43853,1.30,1.30
2014.10.08 20:20:44.442,6.43639,6.43846,1.30,1.30
2014.10.08 20:21:04.775,6.43635,6.43845,1.30,1.30
2014.10.08 20:21:23.725,6.43672,6.43881,1.30,1.30
2014.10.08 20:21:43.797,6.43672,6.43872,1.30,1.30
2014.10.08 20:21:43.848,6.43643,6.43852,1.49,1.30
2014.10.08 20:21:44.386,6.43652,6.43852,1.00,1.30
2014.10.08 20:21:53.664,6.43678,6.43872,1.30,1.30
2014.10.08 20:21:53.715,6.43678,6.43888,1.30,1.30
2014.10.08 20:21:53.766,6.43691,6.43907,1.30,1.30
2014.10.08 20:21:53.817,6.43691,6.43921,1.30,1.19
2014.10.08 20:21:55.068,6.43691,6.43921,1.30,1.19
2014.10.08 20:21:55.772,6.43674,6.43888,1.30,1.30
2014.10.08 20:21:58.945,6.43674,6.43888,1.30,1.49
2014.10.08 20:22:00.942,6.43674,6.43888,1.30,1.16
2014.10.08 20:22:02.979,6.43674,6.43888,1.30,1.49
2014.10.08 20:22:04.204,6.43711,6.43908,1.30,1.30
2014.10.08 20:22:04.255,6.43711,6.43921,1.30,1.00
2014.10.08 20:22:04.306,6.43711,6.43926,1.30,1.30
2014.10.08 20:22:05.155,6.43711,6.43926,1.30,1.49
2014.10.08 20:22:07.363,6.43711,6.43926,1.30,1.30
2014.10.08 20:22:18.704,6.43712,6.43926,1.00,1.30
2014.10.08 20:22:18.806,6.43712,6.43926,1.00,1.49
2014.10.08 20:22:19.585,6.43722,6.43926,1.00,1.49
2014.10.08 20:22:20.135,6.43712,6.43926,1.00,1.49
2014.10.08 20:22:20.999,6.43711,6.43926,1.30,1.49
2014.10.08 20:22:21.106,6.43711,6.43926,1.30,1.49
2014.10.08 20:22:22.445,6.43712,6.43926,1.00,1.49
2014.10.08 20:22:23.113,6.43712,6.43926,1.00,1.49
2014.10.08 20:22:24.204,6.43711,6.43926,1.30,1.49
2014.10.08 20:22:24.533,6.43706,6.43915,1.30,1.16
2014.10.08 20:22:38.305,6.43669,6.43879,1.30,1.30
2014.10.08 20:22:51.264,6.43672,6.43879,1.00,1.30
2014.10.08 20:22:53.136,6.43683,6.43879,1.00,1.30
2014.10.08 20:22:53.904,6.43673,6.43879,1.00,1.30
2014.10.08 20:22:54.565,6.43682,6.43879,1.00,1.30
2014.10.08 20:22:56.984,6.43683,6.43879,1.00,1.30
2014.10.08 20:22:57.203,6.43673,6.43879,1.00,1.30
2014.10.08 20:22:58.674,6.43682,6.43879,1.00,1.30
2014.10.08 20:22:58.725,6.43685,6.43893,1.30,1.30
2014.10.08 20:23:18.983,6.43693,6.43893,1.00,1.30
2014.10.08 20:23:22.943,6.43692,6.43893,1.00,1.30
2014.10.08 20:23:23.342,6.43702,6.43893,1.00,1.30
2014.10.08 20:23:28.333,6.43692,6.43893,1.00,1.30
2014.10.08 20:23:28.773,6.43702,6.43893,1.00,1.30
2014.10.08 20:23:37.565,6.43719,6.43914,1.30,1.30
2014.10.08 20:23:37.616,6.43719,6.43929,1.30,1.30
2014.10.08 20:23:45.056,6.43719,6.43929,1.30,1.49
2014.10.08 20:23:47.062,6.43719,6.43929,1.30,1.49
2014.10.08 20:23:49.067,6.43719,6.43929,1.30,1.49
2014.10.08 20:23:51.122,6.43719,6.43929,1.30,1.49
2014.10.08 20:23:53.078,6.43719,6.43929,1.30,1.49
2014.10.08 20:23:55.084,6.43719,6.43929,1.30,1.49
2014.10.08 20:23:57.090,6.43719,6.43929,1.30,1.49
2014.10.08 20:23:57.789,6.43714,6.43924,1.30,1.49
2014.10.08 20:23:59.096,6.43714,6.43924,1.30,1.49
2014.10.08 20:24:01.102,6.43714,6.43924,1.30,1.49
2014.10.08 20:24:03.107,6.43714,6.43924,1.30,1.30
2014.10.08 20:24:05.127,6.43714,6.43924,1.30,1.49
2014.10.08 20:24:07.351,6.43714,6.43924,1.30,1.30
2014.10.08 20:24:09.825,6.43714,6.43924,1.30,1.49
2014.10.08 20:24:11.830,6.43714,6.43924,1.30,1.49
2014.10.08 20:24:14.838,6.43714,6.43924,1.30,1.30
2014.10.08 20:24:18.141,6.43713,6.43923,1.30,1.30
2014.10.08 20:24:26.970,6.43713,6.43923,1.30,1.49
2014.10.08 20:24:28.975,6.43713,6.43923,1.30,1.30
2014.10.08 20:24:39.141,6.43716,6.43925,1.30,1.30
2014.10.08 20:24:40.006,6.43716,6.43925,1.30,1.49
2014.10.08 20:24:42.011,6.43716,6.43925,1.30,1.49
2014.10.08 20:24:44.018,6.43716,6.43925,1.30,1.49
2014.10.08 20:24:46.024,6.43716,6.43925,1.30,1.49
2014.10.08 20:24:48.129,6.43716,6.43925,1.30,1.16
2014.10.08 20:24:58.484,6.43716,6.43925,1.30,1.49
2014.10.08 20:24:59.410,6.43718,6.43928,1.30,1.49
2014.10.08 20:25:00.565,6.43718,6.43928,1.30,1.49
2014.10.08 20:25:02.472,6.43718,6.43928,1.30,1.30
2014.10.08 20:25:06.706,6.43722,6.43928,1.00,1.30
2014.10.08 20:25:07.033,6.43722,6.43928,1.00,1.49
2014.10.08 20:25:07.346,6.43743,6.43928,1.00,1.49
2014.10.08 20:25:09.293,6.43743,6.43928,1.00,1.30
2014.10.08 20:25:11.152,6.43722,6.43928,1.00,1.30
2014.10.08 20:25:11.303,6.43722,6.43928,1.00,1.49
2014.10.08 20:25:11.354,6.43718,6.43928,1.30,1.49
2014.10.08 20:25:12.311,6.43723,6.43928,1.00,1.49
2014.10.08 20:25:13.310,6.43723,6.43928,1.00,1.49
2014.10.08 20:25:15.710,6.43723,6.43928,1.00,1.49
2014.10.08 20:25:17.815,6.43723,6.43928,1.00,1.49
2014.10.08 20:25:18.852,6.43718,6.43928,1.30,1.30
2014.10.08 20:25:19.021,6.43728,6.43928,1.00,1.30
2014.10.08 20:25:19.546,6.43745,6.43955,1.30,1.49
2014.10.08 20:25:20.924,6.43745,6.43955,1.30,1.49
2014.10.08 20:25:22.928,6.43745,6.43955,1.30,1.49
2014.10.08 20:25:24.535,6.43745,6.43933,1.30,1.19
2014.10.08 20:25:24.636,6.43752,6.43955,1.00,1.49
2014.10.08 20:25:24.743,6.43745,6.43955,1.30,1.49
2014.10.08 20:25:24.844,6.43745,6.43955,1.30,1.30
2014.10.08 20:25:24.946,6.43722,6.43915,1.00,1.30
2014.10.08 20:25:24.996,6.43709,6.43915,1.00,1.30
2014.10.08 20:25:25.199,6.43706,6.43915,1.30,1.30
2014.10.08 20:25:27.348,6.43706,6.43915,1.49,1.30
2014.10.08 20:25:28.622,6.43722,6.43915,1.27,1.30
2014.10.08 20:25:29.126,6.43723,6.43915,1.27,1.30
2014.10.08 20:25:29.681,6.43723,6.43915,1.46,1.30
2014.10.08 20:25:32.263,6.43706,6.43915,1.49,1.30
2014.10.08 20:25:32.612,6.43713,6.43915,1.27,1.30
2014.10.08 20:25:34.290,6.43713,6.43915,1.46,1.30
2014.10.08 20:25:36.273,6.43713,6.43915,1.27,1.30
2014.10.08 20:25:36.428,6.43706,6.43915,1.30,1.30
2014.10.08 20:25:37.835,6.43722,6.43915,1.00,1.30
2014.10.08 20:25:38.056,6.43712,6.43915,1.00,1.30
2014.10.08 20:25:41.571,6.43722,6.43915,1.00,1.30
2014.10.08 20:25:42.121,6.43713,6.43915,1.00,1.30
2014.10.08 20:25:42.373,6.43722,6.43915,1.00,1.30
2014.10.08 20:25:43.151,6.43712,6.43915,1.00,1.30
2014.10.08 20:25:44.475,6.43706,6.43915,1.30,1.30
2014.10.08 20:25:44.779,6.43672,6.43878,1.00,1.30
2014.10.08 20:25:45.554,6.43673,6.43878,1.00,1.30
2014.10.08 20:25:51.032,6.43669,6.43878,1.30,1.30
2014.10.08 20:26:01.707,6.43705,6.43913,1.30,1.30
2014.10.08 20:26:14.005,6.43684,6.43876,1.30,1.30
2014.10.08 20:26:14.106,6.43668,6.43876,1.30,1.30
2014.10.08 20:26:23.652,6.43704,6.43897,1.30,1.30
2014.10.08 20:26:23.703,6.43704,6.43911,1.30,1.30
2014.10.08 20:26:30.144,6.43683,6.43873,1.30,1.30
2014.10.08 20:26:30.245,6.43664,6.43873,1.30,1.30
2014.10.08 20:26:35.134,6.437,6.43893,1.30,1.30
2014.10.08 20:26:35.240,6.437,6.43909,1.30,1.30
2014.10.08 20:26:43.794,6.43746,6.43928,1.30,1.30
2014.10.08 20:26:43.845,6.43746,6.43956,1.30,1.30
2014.10.08 20:26:44.396,6.43746,6.43956,1.30,1.49
2014.10.08 20:26:44.848,6.43726,6.43919,1.30,1.30
2014.10.08 20:26:44.950,6.43712,6.43919,1.30,1.30
2014.10.08 20:27:05.105,6.43692,6.43902,1.30,1.30
2014.10.08 20:27:10.998,6.43727,6.43937,1.30,1.30
2014.10.08 20:27:31.153,6.4374,6.4395,1.30,1.30
2014.10.08 20:27:31.928,6.4374,6.4395,1.30,1.49
2014.10.08 20:27:33.452,6.4374,6.4395,1.30,1.49
2014.10.08 20:27:35.459,6.4374,6.4395,1.30,1.49
2014.10.08 20:27:37.465,6.4374,6.4395,1.30,1.49
2014.10.08 20:27:39.471,6.4374,6.4395,1.30,1.49
2014.10.08 20:27:41.476,6.4374,6.4395,1.30,1.49
2014.10.08 20:27:43.480,6.4374,6.4395,1.30,1.49
2014.10.08 20:27:45.086,6.4374,6.4395,1.30,1.30
2014.10.08 20:27:51.273,6.43754,6.43964,1.30,1.30
2014.10.08 20:28:00.770,6.43754,6.43964,1.30,1.49
2014.10.08 20:28:02.477,6.43754,6.43964,1.30,1.30
2014.10.08 20:28:04.445,6.43754,6.43964,1.49,1.30
2014.10.08 20:28:06.263,6.43754,6.43964,1.30,1.30
2014.10.08 20:28:06.364,6.43836,6.44027,1.30,1.00
2014.10.08 20:28:06.415,6.43836,6.44046,1.30,1.30
2014.10.08 20:28:06.466,6.43877,6.44052,1.30,1.00
2014.10.08 20:28:06.517,6.43877,6.44087,1.30,1.30
2014.10.08 20:28:24.256,6.43843,6.44052,1.30,1.30
2014.10.08 20:28:25.392,6.43808,6.4404,1.30,1.30
2014.10.08 20:28:29.676,6.4381,6.4404,1.19,1.30
2014.10.08 20:28:29.941,6.43844,6.44077,1.30,1.30
2014.10.08 20:28:49.840,6.43856,6.44063,1.30,1.30
2014.10.08 20:29:02.064,6.43893,6.44084,1.30,1.30
2014.10.08 20:29:02.115,6.43893,6.44103,1.30,1.30
2014.10.08 20:29:04.358,6.43929,6.44123,1.30,1.30
2014.10.08 20:29:04.409,6.43929,6.44137,1.30,1.30
2014.10.08 20:29:05.944,6.43966,6.44158,1.30,1.30
2014.10.08 20:29:05.995,6.43966,6.44175,1.30,1.30
2014.10.08 20:29:09.878,6.43862,6.44237,1.00,1.27
2014.10.08 20:29:09.929,6.43859,6.44251,1.00,1.00
2014.10.08 20:29:09.980,6.43921,6.44288,1.00,3.94
2014.10.08 20:29:10.942,6.43921,6.44287,1.00,1.95
2014.10.08 20:29:11.988,6.43921,6.44288,1.00,1.95
2014.10.08 20:29:21.194,6.43941,6.44288,1.19,1.95
2014.10.08 20:29:22.638,6.43921,6.44288,1.00,1.95
2014.10.08 20:29:23.837,6.4395,6.44288,1.00,1.95
2014.10.08 20:29:35.032,6.43993,6.44288,1.19,1.95
2014.10.08 20:29:37.739,6.43989,6.44288,1.19,1.95
2014.10.08 20:29:40.545,6.43976,6.44288,1.19,1.95
2014.10.08 20:29:43.273,6.43996,6.44288,1.19,1.95
2014.10.08 20:29:45.965,6.44008,6.44288,1.19,1.95
2014.10.08 20:29:47.964,6.43991,6.44288,1.19,1.95
2014.10.08 20:29:50.670,6.43992,6.44288,1.19,1.95
2014.10.08 20:29:55.283,6.43989,6.44288,1.19,1.95
2014.10.08 20:29:57.290,6.4399,6.44288,1.19,1.95
2014.10.08 20:29:59.698,6.43978,6.44288,1.19,1.95
2014.10.08 20:30:03.209,6.43972,6.44288,1.19,1.95
2014.10.08 20:30:07.520,6.43987,6.44288,1.19,1.95
2014.10.08 20:30:09.172,6.43987,6.44258,1.19,1.95
2014.10.08 20:30:09.627,6.43951,6.44258,1.19,1.95
2014.10.08 20:30:10.815,6.44013,6.44257,1.30,1.95
2014.10.08 20:30:11.558,6.44013,6.44258,1.30,1.30
2014.10.08 20:30:12.200,6.44013,6.44257,1.30,1.95
2014.10.08 20:30:16.598,6.44013,6.44258,1.30,1.30
2014.10.08 20:30:17.103,6.44013,6.44257,1.30,1.30
2014.10.08 20:30:20.015,6.44013,6.44258,1.30,1.30
2014.10.08 20:30:30.853,6.43997,6.44247,1.30,1.30
2014.10.08 20:30:50.900,6.44025,6.44267,1.30,1.30
2014.10.08 20:30:50.951,6.44025,6.44275,1.30,1.30
2014.10.08 20:30:51.789,6.44025,6.44258,1.30,1.30
2014.10.08 20:30:52.042,6.43973,6.44223,1.30,1.30
2014.10.08 20:30:52.143,6.43973,6.44223,1.49,1.30
2014.10.08 20:30:52.567,6.44017,6.44258,1.30,1.30
2014.10.08 20:30:53.187,6.44017,6.44257,1.30,1.30
2014.10.08 20:30:54.922,6.44017,6.44258,1.30,1.30
2014.10.08 20:30:59.251,6.44017,6.44257,1.30,1.30
2014.10.08 20:31:09.750,6.44017,6.44258,1.30,1.30
2014.10.08 20:31:12.593,6.4402,6.44258,1.30,1.30
2014.10.08 20:31:15.877,6.4402,6.44216,1.30,1.00
2014.10.08 20:31:15.978,6.43976,6.44216,1.30,1.00
2014.10.08 20:31:16.079,6.43925,6.44174,1.30,1.30
2014.10.08 20:31:36.074,6.43925,6.44162,1.30,1.30
2014.10.08 20:31:36.125,6.43892,6.44142,1.30,1.30
2014.10.08 20:31:56.163,6.43899,6.44149,1.30,1.30
2014.10.08 20:32:16.123,6.43906,6.44155,1.30,1.30
2014.10.08 20:32:36.899,6.43911,6.44158,1.30,1.30
2014.10.08 20:32:57.191,6.439,6.4415,1.30,1.30
2014.10.08 20:33:17.149,6.43894,6.44144,1.30,1.30
2014.10.08 20:33:37.179,6.43889,6.44139,1.30,1.30
2014.10.08 20:33:57.319,6.43892,6.44139,1.30,1.30
2014.10.08 20:34:17.536,6.4388,6.44129,1.30,1.30
2014.10.08 20:34:37.762,6.43876,6.44126,1.30,1.30
2014.10.08 20:34:44.380,6.43876,6.44126,1.49,1.30
2014.10.08 20:34:44.481,6.43876,6.44126,1.30,1.30
2014.10.08 20:34:57.691,6.43895,6.44144,1.30,1.30
2014.10.08 20:35:17.837,6.43891,6.4414,1.30,1.30
2014.10.08 20:35:24.772,6.43927,6.4414,1.00,1.30
2014.10.08 20:35:25.134,6.43948,6.4414,1.00,1.30
2014.10.08 20:35:28.214,6.43954,6.4414,1.00,1.30
2014.10.08 20:35:28.494,6.43954,6.44182,1.00,1.30
2014.10.08 20:35:29.837,6.43973,6.44182,1.00,1.30
2014.10.08 20:35:30.141,6.43993,6.44182,1.00,1.30
2014.10.08 20:35:30.272,6.43977,6.44182,1.00,1.30
2014.10.08 20:35:30.602,6.43946,6.44182,1.00,1.30
2014.10.08 20:35:30.840,6.43943,6.44157,1.00,1.30
2014.10.08 20:35:30.892,6.43915,6.44136,1.19,1.30
2014.10.08 20:35:33.612,6.43889,6.44136,1.72,1.30
2014.10.08 20:35:35.772,6.43889,6.44087,1.30,1.00
2014.10.08 20:35:36.025,6.43845,6.44087,1.30,1.00
2014.10.08 20:35:36.126,6.43845,6.44057,1.30,1.00
2014.10.08 20:35:36.585,6.43845,6.44053,1.30,1.00
2014.10.08 20:35:36.923,6.43845,6.44051,1.30,1.00
2014.10.08 20:35:37.974,6.43845,6.44049,1.30,1.00
2014.10.08 20:35:39.003,6.43845,6.44047,1.30,1.00
2014.10.08 20:35:39.969,6.43845,6.44045,1.30,1.00
2014.10.08 20:35:40.020,6.43812,6.44045,1.00,1.00
2014.10.08 20:35:40.102,6.43802,6.44045,1.00,1.00
2014.10.08 20:35:40.213,6.43802,6.44043,1.00,1.00
2014.10.08 20:35:47.542,6.43802,6.44045,1.00,1.00
2014.10.08 20:35:49.632,6.43802,6.4404,1.00,1.00
2014.10.08 20:36:10.903,6.43822,6.4404,1.00,1.00
2014.10.08 20:36:12.247,6.43813,6.4404,1.00,1.00
2014.10.08 20:36:13.322,6.43812,6.4404,1.00,1.00
2014.10.08 20:36:16.363,6.43812,6.44041,1.00,1.30
2014.10.08 20:36:16.581,6.43818,6.44041,1.00,1.30
2014.10.08 20:36:17.109,6.43823,6.44041,1.00,1.30
2014.10.08 20:36:20.740,6.4383,6.44061,1.30,1.30
2014.10.08 20:36:20.841,6.4383,6.4407,1.30,1.00
2014.10.08 20:36:27.622,6.43832,6.4407,1.00,1.00
2014.10.08 20:36:40.341,6.43832,6.44067,1.00,1.00
2014.10.08 20:36:40.781,6.43832,6.44072,1.00,1.00
2014.10.08 20:36:41.922,6.43829,6.44072,1.30,1.00
2014.10.08 20:37:01.126,6.43833,6.44072,1.30,1.00
2014.10.08 20:37:18.753,6.43833,6.4407,1.30,1.00
2014.10.08 20:37:21.184,6.43835,6.4407,1.30,1.00
2014.10.08 20:37:29.438,6.43835,6.44068,1.30,1.00
2014.10.08 20:37:29.610,6.43835,6.4407,1.30,1.00
2014.10.08 20:37:30.600,6.43835,6.44072,1.30,1.00
2014.10.08 20:37:41.274,6.43829,6.44072,1.30,1.00
2014.10.08 20:38:01.395,6.43831,6.44072,1.30,1.00
2014.10.08 20:38:08.301,6.43832,6.44072,1.00,1.00
2014.10.08 20:38:12.229,6.43832,6.44077,1.00,1.00
2014.10.08 20:38:21.419,6.43845,6.44077,1.30,1.00
2014.10.08 20:38:26.408,6.43845,6.44077,1.30,1.19
2014.10.08 20:38:30.018,6.43845,6.44077,1.30,1.00
2014.10.08 20:38:32.858,6.43845,6.44072,1.30,1.00
2014.10.08 20:38:33.188,6.43845,6.44077,1.30,1.00
2014.10.08 20:38:41.550,6.43834,6.44077,1.30,1.00
2014.10.08 20:38:50.370,6.43834,6.44076,1.30,1.00
2014.10.08 20:39:02.198,6.43826,6.44064,1.00,1.30
2014.10.08 20:39:05.629,6.43832,6.44064,1.00,1.30
2014.10.08 20:39:06.605,6.43842,6.44064,1.00,1.30
2014.10.08 20:39:09.692,6.43853,6.44064,1.00,1.30
2014.10.08 20:39:10.348,6.43852,6.44064,1.00,1.30
2014.10.08 20:39:15.524,6.43863,6.44064,1.00,1.30
2014.10.08 20:39:17.170,6.43862,6.44064,1.00,1.30
2014.10.08 20:39:18.819,6.43852,6.44064,1.00,1.30
2014.10.08 20:39:21.789,6.43863,6.44064,1.00,1.30
2014.10.08 20:39:23.124,6.43863,6.4409,1.00,1.00
2014.10.08 20:39:25.438,6.43863,6.44099,1.00,1.30
2014.10.08 20:39:29.379,6.43852,6.44099,1.00,1.30
2014.10.08 20:39:41.368,6.4385,6.44099,1.00,1.30
2014.10.08 20:39:41.587,6.43853,6.44099,1.00,1.30
2014.10.08 20:39:43.569,6.4385,6.44099,1.72,1.30
2014.10.08 20:40:02.820,6.43873,6.44099,1.00,1.30
2014.10.08 20:40:04.110,6.43873,6.44096,1.00,1.30
2014.10.08 20:40:05.680,6.4385,6.44096,1.00,1.30
2014.10.08 20:40:05.731,6.43846,6.44096,1.30,1.72
2014.10.08 20:40:05.933,6.43846,6.44075,1.30,1.00
2014.10.08 20:40:06.908,6.43846,6.44072,1.30,1.00
2014.10.08 20:40:10.209,6.43846,6.44073,1.30,1.00
2014.10.08 20:40:10.955,6.43846,6.44066,1.30,1.00
2014.10.08 20:40:24.144,6.43842,6.44066,1.00,1.00
2014.10.08 20:40:27.918,6.43842,6.44065,1.00,1.00
2014.10.08 20:40:39.449,6.43852,6.44065,1.00,1.00
2014.10.08 20:40:39.999,6.43853,6.44065,1.00,1.00
2014.10.08 20:40:40.129,6.43853,6.44073,1.00,1.00
2014.10.08 20:40:46.049,6.43863,6.44073,1.00,1.00
2014.10.08 20:40:48.272,6.43863,6.44078,1.00,1.30
2014.10.08 20:40:50.011,6.43872,6.44078,1.00,1.30
2014.10.08 20:40:50.370,6.43862,6.44069,1.00,1.00
2014.10.08 20:40:50.573,6.43853,6.44069,1.00,1.00
2014.10.08 20:40:50.838,6.43853,6.44071,1.00,1.00
2014.10.08 20:40:51.036,6.43863,6.44071,1.00,1.00
2014.10.08 20:40:51.547,6.43862,6.44071,1.00,1.00
2014.10.08 20:40:53.091,6.43852,6.44071,1.00,1.00
2014.10.08 20:40:53.142,6.43852,6.44062,1.00,1.00
2014.10.08 20:40:53.463,6.43852,6.44058,1.00,1.00
2014.10.08 20:40:57.303,6.43872,6.44072,1.00,1.00
2014.10.08 20:40:57.618,6.43872,6.44067,1.00,1.00
2014.10.08 20:40:57.762,6.43872,6.44078,1.00,1.30
2014.10.08 20:41:04.862,6.43882,6.44078,1.00,1.30
2014.10.08 20:41:05.376,6.43882,6.44098,1.00,1.00
2014.10.08 20:41:16.977,6.43882,6.44094,1.00,1.00
2014.10.08 20:41:17.607,6.43892,6.44094,1.00,1.00
2014.10.08 20:41:19.159,6.43883,6.44094,1.00,1.00
2014.10.08 20:41:23.587,6.43882,6.44094,1.00,1.00
2014.10.08 20:41:23.688,6.43858,6.44094,1.30,1.00
2014.10.08 20:41:23.807,6.43858,6.44103,1.30,1.00
2014.10.08 20:41:24.127,6.43858,6.441,1.30,1.00
2014.10.08 20:41:24.897,6.43858,6.44107,1.30,1.30
2014.10.08 20:41:25.538,6.43866,6.44109,1.30,1.00
2014.10.08 20:41:26.249,6.43866,6.44101,1.30,1.00
2014.10.08 20:41:33.916,6.43866,6.441,1.30,1.00
2014.10.08 20:41:34.274,6.43866,6.44084,1.30,1.00
2014.10.08 20:41:34.477,6.43866,6.44092,1.30,1.00
2014.10.08 20:41:38.019,6.43866,6.44089,1.30,1.00
2014.10.08 20:41:40.300,6.43866,6.44099,1.30,1.00
2014.10.08 20:41:41.507,6.43866,6.44094,1.30,1.00
2014.10.08 20:41:44.917,6.43866,6.44088,1.30,1.00
2014.10.08 20:41:46.180,6.43841,6.44088,1.30,1.00
2014.10.08 20:41:51.498,6.43842,6.44088,1.00,1.00
2014.10.08 20:41:51.657,6.43842,6.44082,1.00,1.00
2014.10.08 20:41:52.024,6.43842,6.44073,1.00,1.00
2014.10.08 20:41:52.572,6.43841,6.44073,1.30,1.00
2014.10.08 20:41:53.167,6.43841,6.44072,1.30,1.00
2014.10.08 20:41:53.717,6.43841,6.44067,1.30,1.00
2014.10.08 20:41:57.355,6.43841,6.44061,1.30,1.00
2014.10.08 20:41:57.677,6.43841,6.44067,1.30,1.00
2014.10.08 20:42:06.192,6.43832,6.44067,1.00,1.00
2014.10.08 20:42:06.571,6.43823,6.44067,1.00,1.00
2014.10.08 20:42:06.622,6.43823,6.44061,1.00,1.00
2014.10.08 20:42:09.208,6.43832,6.44061,1.00,1.00
2014.10.08 20:42:14.817,6.43822,6.44061,1.00,1.00
2014.10.08 20:42:16.711,6.43822,6.44054,1.00,1.00
2014.10.08 20:42:21.993,6.43822,6.44046,1.00,1.00
2014.10.08 20:42:22.094,6.4382,6.44046,1.30,1.00
2014.10.08 20:42:24.057,6.43822,6.44046,1.00,1.00
2014.10.08 20:42:27.161,6.43812,6.44046,1.00,1.00
2014.10.08 20:42:28.821,6.43822,6.44046,1.00,1.00
2014.10.08 20:42:35.970,6.43852,6.44046,1.00,1.00
2014.10.08 20:42:36.173,6.43852,6.44061,1.00,1.00
2014.10.08 20:42:36.324,6.43852,6.44063,1.00,1.00
2014.10.08 20:42:36.429,6.43852,6.44061,1.00,1.00
2014.10.08 20:42:36.749,6.43862,6.44068,1.00,1.00
2014.10.08 20:42:37.055,6.43862,6.44064,1.00,1.00
2014.10.08 20:42:37.586,6.43852,6.44064,1.00,1.00
2014.10.08 20:42:37.637,6.43852,6.44062,1.00,1.00
2014.10.08 20:42:40.227,6.43846,6.44062,1.30,1.00
2014.10.08 20:42:54.747,6.43852,6.44062,1.00,1.00
2014.10.08 20:42:59.563,6.43842,6.44062,1.00,1.72
2014.10.08 20:43:10.956,6.43852,6.44062,1.00,1.30
2014.10.08 20:43:37.203,6.43852,6.44084,1.00,1.30
2014.10.08 20:43:46.684,6.43852,6.4408,1.00,1.00
2014.10.08 20:43:47.455,6.43852,6.44084,1.00,1.72
2014.10.08 20:43:48.026,6.43853,6.44084,1.00,1.72
2014.10.08 20:43:53.086,6.43862,6.44084,1.00,1.72
2014.10.08 20:43:53.746,6.43853,6.44084,1.00,1.72
2014.10.08 20:43:54.215,6.43853,6.44084,1.19,1.72
2014.10.08 20:43:56.192,6.43853,6.44084,1.19,1.72
2014.10.08 20:43:58.735,6.43862,6.44084,1.00,1.00
2014.10.08 20:44:04.413,6.43862,6.44085,1.00,1.30
2014.10.08 20:44:05.159,6.43863,6.44085,1.00,1.30
2014.10.08 20:44:05.494,6.43872,6.44085,1.00,1.30
2014.10.08 20:44:07.605,6.43862,6.44085,1.00,1.30
2014.10.08 20:44:10.041,6.43872,6.44085,1.00,1.30
2014.10.08 20:44:10.606,6.43863,6.44085,1.50,1.30
2014.10.08 20:44:11.014,6.43867,6.44085,1.00,1.30
2014.10.08 20:44:13.185,6.43885,6.44106,1.30,1.30
2014.10.08 20:44:13.236,6.43885,6.44126,1.30,1.00
2014.10.08 20:44:14.090,6.43885,6.44131,1.30,1.00
2014.10.08 20:44:14.141,6.43892,6.44131,1.00,1.00
2014.10.08 20:44:14.449,6.43892,6.44125,1.00,1.00
2014.10.08 20:44:16.164,6.43892,6.44118,1.00,1.00
2014.10.08 20:44:16.714,6.43892,6.44119,1.00,1.00
2014.10.08 20:44:17.374,6.43892,6.4412,1.00,1.00
2014.10.08 20:44:19.045,6.43902,6.4412,1.00,1.00
2014.10.08 20:44:19.244,6.43902,6.44129,1.00,1.00
2014.10.08 20:44:19.295,6.43913,6.44129,1.00,1.00
2014.10.08 20:44:22.367,6.43913,6.44133,1.00,1.30
2014.10.08 20:44:22.455,6.43902,6.44133,1.00,1.30
2014.10.08 20:44:26.998,6.43912,6.44133,1.00,1.30
2014.10.08 20:44:29.495,6.43923,6.44133,1.00,1.30
2014.10.08 20:44:30.184,6.43932,6.44133,1.00,1.30
2014.10.08 20:44:30.815,6.43923,6.44133,1.00,1.30
2014.10.08 20:44:31.472,6.43922,6.44133,1.00,1.30
2014.10.08 20:44:33.225,6.43922,6.44134,1.00,1.00
2014.10.08 20:44:34.424,6.43922,6.44142,1.00,1.00
2014.10.08 20:44:36.354,6.43942,6.44142,1.00,1.00
2014.10.08 20:44:37.605,6.43943,6.44142,1.00,1.00
2014.10.08 20:44:41.265,6.43942,6.44142,1.00,1.00
2014.10.08 20:44:43.287,6.43933,6.44142,1.00,1.00
2014.10.08 20:44:44.895,6.43942,6.44142,1.00,1.00
2014.10.08 20:44:47.184,6.43942,6.44134,1.00,1.00
2014.10.08 20:44:47.235,6.43932,6.44134,1.00,1.00
2014.10.08 20:44:48.273,6.43933,6.44134,1.00,1.00
2014.10.08 20:45:00.654,6.43922,6.44134,1.00,1.00
2014.10.08 20:45:00.735,6.43912,6.44134,1.00,1.00
2014.10.08 20:45:00.865,6.43912,6.44128,1.00,1.00
2014.10.08 20:45:01.386,6.43912,6.44132,1.00,1.00
2014.10.08 20:45:01.437,6.43892,6.44105,1.00,1.30
2014.10.08 20:45:01.539,6.43879,6.44105,1.00,1.30
2014.10.08 20:45:01.641,6.43867,6.44105,1.00,1.30
2014.10.08 20:45:01.742,6.43912,6.44115,1.30,1.00
2014.10.08 20:45:01.844,6.4392,6.44161,1.00,1.30
2014.10.08 20:45:02.416,6.43954,6.44181,1.30,1.30
2014.10.08 20:45:02.467,6.43954,6.44204,1.30,1.30
2014.10.08 20:45:03.006,6.43997,6.44223,1.30,1.30
2014.10.08 20:45:03.057,6.43997,6.44246,1.30,1.30
2014.10.08 20:45:23.131,6.44001,6.44251,1.30,1.30
2014.10.08 20:45:43.073,6.43998,6.44247,1.30,1.30
2014.10.08 20:46:03.123,6.43999,6.44248,1.30,1.30
2014.10.08 20:46:22.586,6.44041,6.44291,1.30,1.30
2014.10.08 20:46:24.678,6.44084,6.44311,1.30,1.30
2014.10.08 20:46:24.729,6.44084,6.44333,1.30,1.30
2014.10.08 20:46:25.219,6.44038,6.44371,1.00,1.00
2014.10.08 20:46:33.388,6.44005,6.44348,1.00,1.00
2014.10.08 20:46:34.142,6.43983,6.44337,1.00,1.00
2014.10.08 20:46:47.324,6.44002,6.44292,1.00,1.00
2014.10.08 20:46:55.872,6.44002,6.44292,1.00,1.19
2014.10.08 20:46:57.956,6.44002,6.44292,1.00,1.00
2014.10.08 20:46:58.556,6.43989,6.44277,1.00,1.00
2014.10.08 20:47:02.077,6.4397,6.4426,1.00,1.00
2014.10.08 20:47:32.242,6.43985,6.44275,1.00,1.00
2014.10.08 20:47:52.571,6.43971,6.44261,1.00,1.00
2014.10.08 20:48:52.699,6.43902,6.44368,1.46,1.19
2014.10.08 20:48:53.140,6.43902,6.44368,1.27,1.19
2014.10.08 20:48:55.146,6.43902,6.44368,1.46,1.19
2014.10.08 20:48:58.152,6.43913,6.44368,1.14,1.19
2014.10.08 20:49:00.959,6.43913,6.44368,1.27,1.19
2014.10.08 20:49:03.163,6.43913,6.44368,1.27,1.19
2014.10.08 20:49:04.201,6.43902,6.44368,1.46,1.19
2014.10.08 20:49:06.005,6.43902,6.44376,1.46,1.19
2014.10.08 20:49:09.277,6.43902,6.44376,1.46,1.19
2014.10.08 20:49:11.380,6.43902,6.44376,1.46,1.19
2014.10.08 20:49:14.086,6.43902,6.44376,1.46,1.19
2014.10.08 20:49:16.591,6.43902,6.44376,1.46,1.19
2014.10.08 20:49:19.298,6.43902,6.44376,1.46,1.19
2014.10.08 20:49:22.004,6.43902,6.44376,1.14,1.19
2014.10.08 20:49:24.610,6.43902,6.44376,1.46,1.69
2014.10.08 20:49:27.416,6.43902,6.44375,1.27,1.19
2014.10.08 20:49:30.223,6.43902,6.44375,1.46,1.19
2014.10.08 20:49:32.830,6.43902,6.44373,1.46,1.19
2014.10.08 20:49:36.087,6.43903,6.44369,1.46,1.19
2014.10.08 20:49:38.143,6.43892,6.44371,1.27,1.19
2014.10.08 20:49:41.052,6.43892,6.44361,1.27,1.19
2014.10.08 20:49:43.956,6.43892,6.44368,1.27,1.19
2014.10.08 20:49:45.961,6.43892,6.44366,1.27,1.19
2014.10.08 20:49:48.166,6.43892,6.44366,1.27,1.19
2014.10.08 20:49:48.567,6.43892,6.44371,1.27,1.00
2014.10.08 20:49:49.140,6.43892,6.44369,1.27,1.30
2014.10.08 20:49:56.332,6.43956,6.44244,1.00,1.00
2014.10.08 20:50:03.353,6.43942,6.4423,1.00,1.00
2014.10.08 20:50:15.274,6.43926,6.44214,1.00,1.00
2014.10.08 20:50:19.773,6.43911,6.44201,1.00,1.00
2014.10.08 20:50:34.300,6.43926,6.44214,1.00,1.00
2014.10.08 20:50:53.970,6.43938,6.44228,1.00,1.00
2014.10.08 20:50:57.800,6.43925,6.44215,1.00,1.00
2014.10.08 20:51:01.752,6.43951,6.44241,1.00,1.00
2014.10.08 20:51:02.639,6.43966,6.44256,1.00,1.00
2014.10.08 20:51:02.791,6.43953,6.44296,1.00,1.00
2014.10.08 20:51:03.848,6.43955,6.44245,1.00,1.00
2014.10.08 20:51:24.300,6.43971,6.44259,1.00,1.00
2014.10.08 20:51:30.951,6.43955,6.44245,1.00,1.00
2014.10.08 20:52:21.097,6.43971,6.44259,1.00,1.00
2014.10.08 20:52:27.550,6.43986,6.44274,1.00,1.00
2014.10.08 20:52:30.783,6.4397,6.4426,1.00,1.00
2014.10.08 20:52:37.388,6.43985,6.44275,1.00,1.00
2014.10.08 20:53:07.389,6.43998,6.44288,1.00,1.00
2014.10.08 20:53:42.041,6.43985,6.44275,1.00,1.00
2014.10.08 20:53:42.391,6.43998,6.44288,1.00,1.00
2014.10.08 20:53:55.003,6.44015,6.44305,1.00,1.00
2014.10.08 20:53:58.079,6.44001,6.44291,1.00,1.00
2014.10.08 20:54:25.943,6.44015,6.44305,1.00,1.00
2014.10.08 20:54:26.246,6.44002,6.4429,1.00,1.00
2014.10.08 20:55:01.903,6.44015,6.44305,1.00,1.00
2014.10.08 20:55:08.167,6.44028,6.44318,1.00,1.00
2014.10.08 20:55:25.338,6.44015,6.44305,1.00,1.00
2014.10.08 20:55:32.816,6.44028,6.44318,1.00,1.00
2014.10.08 20:55:45.237,6.44045,6.44335,1.00,1.00
2014.10.08 20:55:48.429,6.44032,6.4432,1.99,1.00
2014.10.08 20:55:48.631,6.44045,6.44335,1.00,1.00
2014.10.08 20:55:59.526,6.44071,6.44361,1.00,1.00
2014.10.08 20:56:57.867,6.44033,6.44349,1.99,1.00
2014.10.08 20:56:58.070,6.44061,6.44349,1.00,1.00
2014.10.08 20:57:26.319,6.44045,6.44335,1.00,1.00
2014.10.08 20:57:26.675,6.44058,6.44348,1.00,1.00
2014.10.08 20:57:31.527,6.44045,6.44335,1.00,1.00
2014.10.08 20:58:15.492,6.44002,6.44348,1.00,1.00
2014.10.08 20:58:16.095,6.44003,6.44348,1.99,1.00
2014.10.08 20:58:16.146,6.44022,6.44312,1.00,1.00
2014.10.08 20:58:59.831,6.44003,6.4429,1.99,1.00
2014.10.08 20:58:59.932,6.43973,6.44303,1.99,1.00
2014.10.08 20:59:00.289,6.43992,6.44423,1.99,1.50
2014.10.08 20:59:00.391,6.44023,6.44438,1.99,1.30
2014.10.08 20:59:06.126,6.44023,6.44437,1.99,0.97
2014.10.08 20:59:07.281,6.44023,6.44438,1.99,0.97
2014.10.08 20:59:12.051,6.43972,6.44438,1.99,0.97
2014.10.08 20:59:12.103,6.43972,6.44453,1.99,0.75
2014.10.08 20:59:12.154,6.44022,6.44453,1.99,0.75
2014.10.08 20:59:12.389,6.44022,6.4448,1.99,0.97
2014.10.08 20:59:14.883,6.44022,6.44498,1.99,2.70
2014.10.08 20:59:16.793,6.44022,6.44467,1.99,0.97
2014.10.08 20:59:19.422,6.44022,6.44468,1.99,0.97
2014.10.08 20:59:26.253,6.43992,6.44468,1.99,1.95
2014.10.08 20:59:30.812,6.43992,6.44467,1.99,1.95
2014.10.08 20:59:35.184,6.43992,6.44438,1.99,0.97
2014.10.08 20:59:40.213,6.43992,6.44437,1.99,0.97
2014.10.08 20:59:40.721,6.43992,6.44438,1.99,0.97
2014.10.08 20:59:48.552,6.44032,6.44482,1.99,0.75
2014.10.08 20:59:48.653,6.44032,6.44498,1.99,1.95
2014.10.08 20:59:49.247,6.44032,6.44497,1.99,1.95
2014.10.08 20:59:50.678,6.44032,6.44498,1.99,1.95
2014.10.08 20:59:56.201,6.44032,6.44608,1.99,0.96
