2014.10.14 22:00:00.171,6.57375,6.57968,0.75,0.95
2014.10.14 22:00:00.272,6.57561,6.57968,0.75,0.95
2014.10.14 22:00:00.582,6.57561,6.57904,0.75,0.37
2014.10.14 22:00:00.802,6.57561,6.57938,0.75,0.37
2014.10.14 22:00:00.912,6.57561,6.57953,0.75,0.19
2014.10.14 22:00:01.766,6.57561,6.57973,0.75,0.37
2014.10.14 22:00:01.817,6.57608,6.57904,0.75,0.37
2014.10.14 22:00:01.919,6.57608,6.57942,0.75,0.37
2014.10.14 22:00:01.992,6.57608,6.57908,0.75,0.37
2014.10.14 22:00:03.244,6.5766,6.57908,0.75,0.37
2014.10.14 22:00:03.345,6.57641,6.57908,0.75,0.37
2014.10.14 22:00:03.629,6.57641,6.57925,0.75,0.37
2014.10.14 22:00:04.440,6.57661,6.57925,0.75,0.37
2014.10.14 22:00:04.755,6.57667,6.57925,0.75,0.37
2014.10.14 22:00:05.061,6.57671,6.57925,0.75,0.37
2014.10.14 22:00:05.468,6.57674,6.57925,0.75,0.37
2014.10.14 22:00:05.771,6.57701,6.57925,0.75,0.37
2014.10.14 22:00:05.872,6.57685,6.57925,0.75,0.37
2014.10.14 22:00:05.973,6.577,6.57925,0.75,0.37
2014.10.14 22:00:06.075,6.57687,6.57925,0.75,0.37
2014.10.14 22:00:06.176,6.57705,6.57925,0.75,0.37
2014.10.14 22:00:06.227,6.57705,6.57954,0.75,0.37
2014.10.14 22:00:06.328,6.57691,6.57985,0.75,0.37
2014.10.14 22:00:06.626,6.57715,6.57985,0.75,0.37
2014.10.14 22:00:06.728,6.57697,6.57985,0.75,0.37
2014.10.14 22:00:07.047,6.57725,6.57985,0.75,0.37
2014.10.14 22:00:07.282,6.57706,6.57985,0.75,0.37
2014.10.14 22:00:07.377,6.5773,6.57985,0.75,0.37
2014.10.14 22:00:07.534,6.57712,6.57985,0.75,0.37
2014.10.14 22:00:07.635,6.5773,6.57985,0.75,0.37
2014.10.14 22:00:07.736,6.57715,6.57985,0.75,0.37
2014.10.14 22:00:07.938,6.57717,6.57985,0.75,0.37
2014.10.14 22:00:08.484,6.57735,6.57996,0.75,0.37
2014.10.14 22:00:09.316,6.57735,6.58002,0.75,0.37
2014.10.14 22:00:10.930,6.57735,6.57973,0.75,0.37
2014.10.14 22:00:25.877,6.57735,6.57958,0.75,0.37
2014.10.14 22:00:26.623,6.57735,6.57956,0.75,0.37
2014.10.14 22:00:26.674,6.5761,6.57938,0.75,0.97
2014.10.14 22:00:26.781,6.57501,6.57938,0.37,0.97
2014.10.14 22:00:27.546,6.57501,6.57937,0.37,0.97
2014.10.14 22:00:27.777,6.57523,6.57937,0.37,0.97
2014.10.14 22:00:28.045,6.57491,6.57937,0.37,0.97
2014.10.14 22:00:28.386,6.57491,6.57933,0.37,0.75
2014.10.14 22:00:28.937,6.57491,6.57915,0.37,0.75
2014.10.14 22:00:29.706,6.57493,6.57897,0.75,0.75
2014.10.14 22:00:30.083,6.57518,6.57871,0.75,0.75
2014.10.14 22:00:55.266,6.57521,6.57871,0.37,0.75
2014.10.14 22:00:55.393,6.57518,6.57871,0.75,0.75
2014.10.14 22:01:10.032,6.57518,6.57867,0.75,0.37
2014.10.14 22:01:13.238,6.57527,6.57871,0.37,0.75
2014.10.14 22:01:13.639,6.57518,6.57871,0.75,0.75
2014.10.14 22:01:15.473,6.57535,6.57888,0.75,0.37
2014.10.14 22:01:15.931,6.57582,6.57872,0.75,0.75
2014.10.14 22:01:16.039,6.57572,6.57888,0.75,0.37
2014.10.14 22:01:16.834,6.57594,6.57884,0.75,0.75
2014.10.14 22:02:09.893,6.57594,6.57878,0.75,0.37
2014.10.14 22:02:14.906,6.57594,6.57884,0.75,0.75
2014.10.14 22:02:16.909,6.57506,6.57898,0.37,0.37
2014.10.14 22:02:25.437,6.57555,6.57944,0.37,0.37
2014.10.14 22:02:26.737,6.57518,6.57904,0.37,0.37
2014.10.14 22:02:37.692,6.57536,6.57925,0.37,0.37
2014.10.14 22:02:39.700,6.57555,6.57941,0.37,0.37
2014.10.14 22:03:00.800,6.57496,6.57915,0.37,0.37
2014.10.14 22:03:01.784,6.57496,6.5788,0.37,0.37
2014.10.14 22:03:01.885,6.57494,6.5788,0.37,0.37
2014.10.14 22:03:12.364,6.57538,6.57922,0.37,0.37
2014.10.14 22:03:14.778,6.57556,6.57942,0.37,0.37
2014.10.14 22:03:14.829,6.5762,6.57908,0.75,0.75
2014.10.14 22:03:14.941,6.5761,6.57942,0.75,0.37
2014.10.14 22:03:15.347,6.5761,6.57953,0.75,0.75
2014.10.14 22:03:15.500,6.57621,6.57977,0.75,0.37
2014.10.14 22:03:15.814,6.57645,6.57935,0.75,0.75
2014.10.14 22:03:16.055,6.57629,6.57972,0.75,0.75
2014.10.14 22:03:16.610,6.57637,6.57927,0.75,0.75
2014.10.14 22:04:11.769,6.57655,6.57945,1.00,1.00
2014.10.14 22:04:48.530,6.57676,6.57964,1.00,1.00
2014.10.14 22:04:48.632,6.57658,6.58002,1.00,1.00
2014.10.14 22:04:48.935,6.57664,6.58036,1.00,1.00
2014.10.14 22:04:49.957,6.57691,6.5807,1.00,1.75
2014.10.14 22:04:50.684,6.57725,6.58015,1.00,1.00
2014.10.14 22:04:50.793,6.57706,6.58064,1.00,1.75
2014.10.14 22:04:51.233,6.57735,6.58025,1.00,1.00
2014.10.14 22:04:51.463,6.57716,6.58064,1.00,1.75
2014.10.14 22:04:51.564,6.57735,6.58025,1.00,1.00
2014.10.14 22:04:51.715,6.57719,6.58061,1.00,1.75
2014.10.14 22:04:51.817,6.57722,6.58058,1.00,1.75
2014.10.14 22:04:52.120,6.57727,6.58064,1.00,1.75
2014.10.14 22:04:52.423,6.57729,6.58061,1.00,1.75
2014.10.14 22:04:52.817,6.57745,6.58035,1.00,1.00
2014.10.14 22:05:52.728,6.57565,6.58087,1.94,2.05
2014.10.14 22:05:55.257,6.57566,6.58087,1.94,2.05
2014.10.14 22:06:00.265,6.57553,6.58087,1.94,2.05
2014.10.14 22:06:00.465,6.57553,6.58088,1.94,1.30
2014.10.14 22:06:01.367,6.57553,6.58088,1.94,2.05
2014.10.14 22:06:04.616,6.57553,6.58088,1.75,2.05
2014.10.14 22:06:10.723,6.57553,6.58088,1.75,2.24
2014.10.14 22:06:12.326,6.57553,6.58088,1.75,2.24
2014.10.14 22:06:12.428,6.57553,6.58088,1.75,2.24
2014.10.14 22:06:24.599,6.57553,6.58088,1.94,2.24
2014.10.14 22:06:27.347,6.57557,6.58088,1.94,2.24
2014.10.14 22:06:39.070,6.57569,6.58088,1.94,2.05
2014.10.14 22:06:40.171,6.57573,6.58088,1.94,2.05
2014.10.14 22:07:01.042,6.57566,6.58088,1.94,2.05
2014.10.14 22:07:01.337,6.57633,6.58045,1.30,1.30
2014.10.14 22:07:01.641,6.57633,6.58045,1.67,1.30
2014.10.14 22:07:02.147,6.57633,6.58045,1.67,2.05
2014.10.14 22:07:12.087,6.57633,6.58045,2.05,1.30
2014.10.14 22:07:21.864,6.57643,6.58027,2.02,1.30
2014.10.14 22:07:30.335,6.57721,6.58011,1.00,1.00
2014.10.14 22:07:53.759,6.57747,6.58037,1.00,1.00
2014.10.14 22:08:16.296,6.57769,6.58059,1.00,1.00
2014.10.14 22:08:21.480,6.57788,6.58068,1.00,1.30
2014.10.14 22:08:22.566,6.57788,6.58076,1.00,1.00
2014.10.14 22:08:23.128,6.57787,6.58106,1.00,1.30
2014.10.14 22:08:23.230,6.57784,6.58074,1.00,1.00
2014.10.14 22:08:24.130,6.57808,6.58096,1.00,1.00
2014.10.14 22:08:24.231,6.57793,6.58106,1.00,1.30
2014.10.14 22:08:24.462,6.57796,6.58106,1.00,1.30
2014.10.14 22:08:24.770,6.57816,6.58106,1.00,1.72
2014.10.14 22:09:03.947,6.57773,6.58118,1.00,1.00
2014.10.14 22:09:04.048,6.57773,6.58118,1.00,1.50
2014.10.14 22:09:04.563,6.57797,6.58085,1.00,1.00
2014.10.14 22:09:23.267,6.57797,6.58076,1.00,1.30
2014.10.14 22:09:43.372,6.57797,6.5808,1.00,1.30
2014.10.14 22:10:03.308,6.57797,6.58074,1.00,1.30
2014.10.14 22:10:04.565,6.57692,6.58074,2.02,1.30
2014.10.14 22:10:12.331,6.57682,6.58074,2.02,1.30
2014.10.14 22:10:18.639,6.57816,6.58074,1.00,1.30
2014.10.14 22:10:18.847,6.57804,6.58074,1.00,1.30
2014.10.14 22:10:19.049,6.57828,6.58074,1.00,1.30
2014.10.14 22:10:19.151,6.57808,6.58074,1.00,1.30
2014.10.14 22:10:19.255,6.57827,6.58074,1.00,1.30
2014.10.14 22:10:23.843,6.57827,6.58109,1.00,1.30
2014.10.14 22:10:43.880,6.57827,6.58117,1.00,1.00
2014.10.14 22:11:04.909,6.57827,6.5811,1.00,1.30
2014.10.14 22:11:19.482,6.57732,6.5811,1.64,1.30
2014.10.14 22:11:46.559,6.57733,6.58121,1.64,1.30
2014.10.14 22:11:50.161,6.57742,6.58121,1.27,1.30
2014.10.14 22:11:57.191,6.57732,6.58121,1.64,1.30
2014.10.14 22:12:02.513,6.57742,6.58121,1.27,1.30
2014.10.14 22:12:06.889,6.57742,6.58119,1.27,1.30
2014.10.14 22:12:08.047,6.57742,6.58119,1.70,1.30
2014.10.14 22:12:13.037,6.57752,6.58119,1.27,1.30
2014.10.14 22:12:13.493,6.57752,6.58119,2.02,1.30
2014.10.14 22:12:14.177,6.57752,6.58119,2.02,1.30
2014.10.14 22:12:14.483,6.57762,6.58119,1.64,1.30
2014.10.14 22:12:14.835,6.57762,6.58119,1.27,1.30
2014.10.14 22:12:24.884,6.57763,6.58119,1.27,1.30
2014.10.14 22:12:27.930,6.57763,6.58118,1.27,1.30
2014.10.14 22:12:29.354,6.57762,6.58118,1.27,1.30
2014.10.14 22:12:47.764,6.57762,6.58126,1.27,1.30
2014.10.14 22:12:55.523,6.57763,6.58126,1.27,1.30
2014.10.14 22:13:13.905,6.57772,6.58126,1.27,1.30
2014.10.14 22:13:15.851,6.57782,6.58126,1.27,1.30
2014.10.14 22:13:16.245,6.57847,6.58126,1.00,1.30
2014.10.14 22:13:16.397,6.57844,6.58126,1.00,1.30
2014.10.14 22:13:16.610,6.57869,6.58126,1.00,1.30
2014.10.14 22:13:16.871,6.5785,6.58126,1.00,1.30
2014.10.14 22:13:16.922,6.5787,6.58126,1.00,1.30
2014.10.14 22:13:28.890,6.5787,6.5816,1.00,1.00
2014.10.14 22:13:48.052,6.57891,6.5817,1.00,1.30
2014.10.14 22:13:48.154,6.5788,6.5817,1.00,1.30
2014.10.14 22:13:48.407,6.57885,6.5817,1.00,1.30
2014.10.14 22:13:49.018,6.57885,6.5822,1.00,1.30
2014.10.14 22:13:49.068,6.57916,6.58206,1.00,1.00
2014.10.14 22:13:49.171,6.57897,6.5822,1.00,1.30
2014.10.14 22:13:49.240,6.57919,6.58209,1.00,1.00
2014.10.14 22:13:49.350,6.57901,6.5822,1.00,1.30
2014.10.14 22:13:49.789,6.57929,6.58219,1.00,1.00
2014.10.14 22:13:49.923,6.57912,6.5822,1.00,1.30
2014.10.14 22:13:50.127,6.5793,6.5822,1.00,1.72
2014.10.14 22:13:50.472,6.57919,6.5822,1.00,1.30
2014.10.14 22:13:51.468,6.57958,6.5822,1.00,1.30
2014.10.14 22:13:51.674,6.57939,6.5822,1.00,1.30
2014.10.14 22:13:51.775,6.57959,6.5822,1.00,1.30
2014.10.14 22:13:51.928,6.57943,6.5822,1.00,1.30
2014.10.14 22:13:52.029,6.57964,6.5822,1.00,1.30
2014.10.14 22:14:01.035,6.57964,6.58254,1.00,1.00
2014.10.14 22:14:52.166,6.57863,6.58271,2.02,2.05
2014.10.14 22:15:00.120,6.57883,6.58271,1.26,2.05
2014.10.14 22:15:00.430,6.57872,6.58271,2.01,1.30
2014.10.14 22:15:01.454,6.57872,6.58269,1.64,1.30
2014.10.14 22:15:01.608,6.57882,6.58269,1.26,1.30
2014.10.14 22:15:02.921,6.57873,6.58269,1.64,1.30
2014.10.14 22:15:03.022,6.57882,6.58269,1.26,1.30
2014.10.14 22:15:03.761,6.57882,6.58269,2.01,1.30
2014.10.14 22:15:04.227,6.57892,6.58269,2.01,1.30
2014.10.14 22:15:04.546,6.57973,6.58269,1.00,1.30
2014.10.14 22:15:04.957,6.5799,6.58269,1.00,1.30
2014.10.14 22:15:21.836,6.5799,6.58276,1.00,1.30
2014.10.14 22:15:30.591,6.5801,6.58276,1.00,1.30
2014.10.14 22:15:30.693,6.57998,6.58276,1.00,1.30
2014.10.14 22:15:30.896,6.58019,6.58276,1.00,1.30
2014.10.14 22:15:30.997,6.58001,6.58276,1.00,1.30
2014.10.14 22:15:31.149,6.58021,6.58276,1.00,1.30
2014.10.14 22:15:31.752,6.58021,6.58296,1.00,1.30
2014.10.14 22:15:31.803,6.58021,6.58309,1.00,1.00
2014.10.14 22:15:31.904,6.58013,6.58345,1.00,1.00
2014.10.14 22:15:32.005,6.58014,6.58392,1.00,2.05
2014.10.14 22:15:32.056,6.58014,6.58356,1.00,1.00
2014.10.14 22:15:32.362,6.58026,6.58356,1.00,1.75
2014.10.14 22:15:32.667,6.58049,6.58339,1.00,1.00
2014.10.14 22:15:33.021,6.58027,6.58317,1.00,1.00
2014.10.14 22:15:33.331,6.58027,6.58312,1.00,1.30
2014.10.14 22:15:33.635,6.58033,6.58312,1.00,1.30
2014.10.14 22:15:33.952,6.58039,6.58312,1.00,1.30
2014.10.14 22:15:36.754,6.58031,6.58312,1.00,1.30
2014.10.14 22:15:36.957,6.5805,6.58312,1.00,1.30
2014.10.14 22:15:37.058,6.58027,6.58312,1.00,1.30
2014.10.14 22:15:38.837,6.5803,6.58312,1.00,1.30
2014.10.14 22:15:39.141,6.58023,6.58312,1.00,1.30
2014.10.14 22:15:40.918,6.58023,6.58298,1.00,1.26
2014.10.14 22:15:41.894,6.58023,6.58288,1.00,1.26
2014.10.14 22:15:43.905,6.58023,6.58278,1.00,1.26
2014.10.14 22:15:50.263,6.58004,6.58278,1.00,1.26
2014.10.14 22:15:50.448,6.58004,6.58268,1.00,1.26
2014.10.14 22:15:50.745,6.58004,6.58277,1.00,1.26
2014.10.14 22:15:52.001,6.58004,6.58294,1.00,1.00
2014.10.14 22:15:52.052,6.58004,6.58308,1.00,1.26
2014.10.14 22:15:52.103,6.58004,6.58312,1.00,1.30
2014.10.14 22:15:52.154,6.58018,6.58308,1.00,1.00
2014.10.14 22:15:52.256,6.58005,6.58312,1.00,1.30
2014.10.14 22:15:52.412,6.58005,6.58308,1.00,2.01
2014.10.14 22:15:52.769,6.58018,6.58306,1.00,1.75
2014.10.14 22:15:53.180,6.58018,6.58298,1.00,2.01
2014.10.14 22:15:54.229,6.58018,6.58288,1.00,1.26
2014.10.14 22:15:56.193,6.58018,6.58277,1.00,1.26
2014.10.14 22:15:57.802,6.58018,6.58288,1.00,1.26
2014.10.14 22:16:05.191,6.58018,6.58268,1.00,1.26
2014.10.14 22:16:06.391,6.58018,6.58278,1.00,1.26
2014.10.14 22:16:06.711,6.58018,6.58288,1.00,1.26
2014.10.14 22:16:06.871,6.58018,6.58278,1.00,1.26
2014.10.14 22:16:08.080,6.58018,6.58268,1.00,1.26
2014.10.14 22:16:09.490,6.58,6.58268,1.00,1.26
2014.10.14 22:16:11.298,6.58,6.58257,1.00,1.26
2014.10.14 22:16:20.557,6.58,6.58278,1.00,1.26
2014.10.14 22:16:20.863,6.58,6.58288,1.00,1.26
2014.10.14 22:16:24.792,6.58,6.58278,1.00,1.26
2014.10.14 22:16:26.411,6.58,6.58258,1.00,1.26
2014.10.14 22:16:28.407,6.58,6.58248,1.00,1.26
2014.10.14 22:16:32.424,6.58,6.58257,1.00,1.26
2014.10.14 22:16:33.873,6.58,6.58248,1.00,1.26
2014.10.14 22:16:37.603,6.58,6.58238,1.00,1.26
2014.10.14 22:16:37.654,6.57976,6.58238,1.00,1.26
2014.10.14 22:16:37.870,6.57976,6.58228,1.00,1.26
2014.10.14 22:16:38.021,6.57976,6.58238,1.00,1.26
2014.10.14 22:16:38.090,6.57926,6.58238,1.00,1.26
2014.10.14 22:16:38.277,6.57926,6.58227,1.00,1.26
2014.10.14 22:16:39.127,6.57939,6.58227,1.00,1.26
2014.10.14 22:16:39.610,6.57939,6.58218,1.00,1.26
2014.10.14 22:16:43.809,6.57939,6.58228,1.00,1.26
2014.10.14 22:16:46.136,6.57939,6.58229,1.00,1.00
2014.10.14 22:17:01.214,6.57966,6.58256,1.00,1.00
2014.10.14 22:17:01.822,6.57966,6.58248,1.00,1.26
2014.10.14 22:17:02.305,6.57966,6.58228,1.00,1.26
2014.10.14 22:17:03.307,6.57966,6.58217,1.00,1.26
2014.10.14 22:17:03.929,6.57966,6.58238,1.00,1.26
2014.10.14 22:17:04.459,6.57966,6.58247,1.00,1.26
2014.10.14 22:17:05.019,6.57966,6.58248,1.00,1.26
2014.10.14 22:17:08.520,6.57966,6.58247,1.00,1.26
2014.10.14 22:17:08.571,6.57966,6.58237,1.00,1.26
2014.10.14 22:17:15.937,6.57966,6.58238,1.00,1.26
2014.10.14 22:17:19.463,6.57966,6.58228,1.00,1.26
2014.10.14 22:17:22.805,6.57966,6.58238,1.00,1.26
2014.10.14 22:17:25.734,6.57966,6.58228,1.00,1.26
2014.10.14 22:17:26.072,6.57966,6.58238,1.00,1.26
2014.10.14 22:17:30.408,6.57966,6.58218,1.00,1.26
2014.10.14 22:17:35.581,6.57966,6.58228,1.00,1.26
2014.10.14 22:17:36.052,6.57966,6.58218,1.00,1.26
2014.10.14 22:17:39.782,6.57966,6.58237,1.00,1.26
2014.10.14 22:17:43.912,6.57966,6.58238,1.00,1.26
2014.10.14 22:17:44.418,6.57966,6.58228,1.00,1.26
2014.10.14 22:17:46.425,6.57966,6.58217,1.00,1.26
2014.10.14 22:17:51.167,6.57966,6.58218,1.00,1.26
2014.10.14 22:17:52.597,6.57944,6.58218,1.00,1.26
2014.10.14 22:18:09.168,6.57939,6.58218,1.00,1.26
2014.10.14 22:18:09.270,6.57939,6.58228,1.00,1.26
2014.10.14 22:18:09.320,6.57953,6.58228,1.00,1.26
2014.10.14 22:18:10.390,6.57953,6.58237,1.00,1.26
2014.10.14 22:18:11.355,6.57953,6.58228,1.00,1.26
2014.10.14 22:18:12.262,6.57953,6.58238,1.00,1.26
2014.10.14 22:18:13.265,6.57953,6.58227,1.00,1.26
2014.10.14 22:18:17.092,6.57953,6.58238,1.00,1.26
2014.10.14 22:18:25.678,6.57953,6.58228,1.00,1.26
2014.10.14 22:18:26.600,6.57953,6.58227,1.00,1.26
2014.10.14 22:18:27.638,6.57953,6.58228,1.00,1.26
2014.10.14 22:18:27.689,6.57953,6.58243,1.00,1.00
2014.10.14 22:18:28.569,6.57953,6.58238,1.00,1.26
2014.10.14 22:18:28.908,6.57953,6.58228,1.00,1.26
2014.10.14 22:18:29.078,6.57934,6.58224,1.00,1.00
2014.10.14 22:18:29.826,6.57934,6.58218,1.00,1.26
2014.10.14 22:18:30.797,6.57934,6.58224,1.00,1.00
2014.10.14 22:18:30.848,6.57953,6.58228,1.00,1.26
2014.10.14 22:18:33.458,6.57953,6.58218,1.00,1.26
2014.10.14 22:18:33.509,6.57933,6.58218,1.00,1.26
2014.10.14 22:18:33.610,6.57905,6.58218,1.00,1.26
2014.10.14 22:18:33.780,6.57905,6.58208,1.00,1.26
2014.10.14 22:18:33.831,6.57873,6.58208,1.00,1.26
2014.10.14 22:18:33.882,6.57873,6.58217,1.00,1.70
2014.10.14 22:18:34.057,6.57873,6.58197,1.00,1.26
2014.10.14 22:18:34.470,6.57873,6.58236,1.00,1.75
2014.10.14 22:18:35.148,6.57873,6.58236,1.00,1.75
2014.10.14 22:18:35.348,6.57873,6.58236,1.00,1.75
2014.10.14 22:18:35.713,6.5789,6.5818,1.00,1.00
2014.10.14 22:18:43.283,6.57909,6.58199,1.00,1.00
2014.10.14 22:18:57.877,6.57909,6.58198,1.00,1.26
2014.10.14 22:18:58.872,6.57909,6.58188,1.00,1.26
2014.10.14 22:19:05.459,6.57909,6.58178,1.00,1.26
2014.10.14 22:19:07.636,6.57909,6.58168,1.00,1.26
2014.10.14 22:19:21.578,6.57909,6.58158,1.00,1.26
2014.10.14 22:19:21.780,6.5786,6.58158,1.00,1.26
2014.10.14 22:19:21.882,6.57885,6.58168,1.00,1.26
2014.10.14 22:19:22.584,6.57885,6.58157,1.00,1.26
2014.10.14 22:19:32.457,6.57885,6.58157,1.00,2.01
2014.10.14 22:20:09.885,6.57885,6.58148,1.00,1.00
2014.10.14 22:20:22.118,6.57803,6.58148,1.27,1.00
2014.10.14 22:20:25.986,6.57793,6.58148,1.27,1.00
2014.10.14 22:20:27.790,6.57773,6.58147,1.27,1.26
2014.10.14 22:20:27.842,6.57773,6.58118,1.27,1.00
2014.10.14 22:20:30.416,6.57763,6.58118,1.64,1.00
2014.10.14 22:20:30.570,6.57762,6.58108,2.30,1.00
2014.10.14 22:20:30.620,6.57762,6.58108,1.92,1.00
2014.10.14 22:20:30.773,6.57864,6.58127,1.00,1.27
2014.10.14 22:20:30.875,6.57827,6.58128,1.00,1.70
2014.10.14 22:20:30.926,6.57827,6.58128,1.00,2.45
2014.10.14 22:20:31.617,6.57843,6.58128,1.00,2.45
2014.10.14 22:20:31.939,6.57843,6.58118,1.00,1.27
2014.10.14 22:20:35.770,6.57843,6.58108,1.00,1.27
2014.10.14 22:20:43.910,6.57843,6.58118,1.00,1.27
2014.10.14 22:20:49.440,6.57843,6.58128,1.00,1.27
2014.10.14 22:21:07.663,6.57843,6.58127,1.00,1.27
2014.10.14 22:21:29.945,6.57843,6.58108,1.00,1.00
2014.10.14 22:21:31.895,6.57752,6.58108,2.02,1.00
2014.10.14 22:21:32.695,6.57752,6.58107,2.02,1.00
2014.10.14 22:21:34.345,6.57752,6.58118,2.02,1.00
2014.10.14 22:21:34.565,6.57753,6.58108,2.02,1.00
2014.10.14 22:21:35.885,6.57753,6.58117,2.02,1.27
2014.10.14 22:21:36.477,6.57752,6.58118,2.02,1.00
2014.10.14 22:21:42.595,6.57762,6.58118,1.27,1.00
2014.10.14 22:21:42.646,6.57752,6.58118,1.27,1.70
2014.10.14 22:21:43.612,6.57762,6.58118,1.27,1.70
2014.10.14 22:21:46.225,6.57762,6.58108,1.27,1.00
2014.10.14 22:21:46.276,6.57752,6.58108,1.27,1.00
2014.10.14 22:21:46.427,6.578,6.58108,1.00,1.00
2014.10.14 22:21:46.986,6.57822,6.58108,1.00,1.00
2014.10.14 22:21:48.425,6.57822,6.58097,1.00,1.00
2014.10.14 22:21:52.385,6.57822,6.58098,1.00,1.00
2014.10.14 22:22:05.814,6.57822,6.58108,1.00,1.00
2014.10.14 22:22:06.684,6.57822,6.58107,1.00,1.00
2014.10.14 22:22:22.189,6.57845,6.58107,1.00,1.00
2014.10.14 22:22:40.455,6.57845,6.58097,1.00,1.00
2014.10.14 22:23:02.123,6.57845,6.58098,1.00,1.00
2014.10.14 22:23:03.884,6.57845,6.58108,1.00,1.00
2014.10.14 22:23:14.442,6.57845,6.58128,1.00,1.27
2014.10.14 22:23:14.543,6.57851,6.58148,1.00,1.72
2014.10.14 22:23:14.796,6.57855,6.58168,1.00,1.00
2014.10.14 22:23:15.233,6.57855,6.58178,1.00,1.00
2014.10.14 22:23:16.074,6.57903,6.58178,1.00,1.00
2014.10.14 22:23:16.193,6.57884,6.58178,1.00,1.00
2014.10.14 22:23:16.294,6.57904,6.58178,1.00,1.00
2014.10.14 22:23:16.397,6.57887,6.58178,1.00,1.00
2014.10.14 22:23:16.548,6.57909,6.58178,1.00,1.00
2014.10.14 22:23:19.695,6.57907,6.58178,1.00,1.00
2014.10.14 22:23:19.746,6.57907,6.58188,1.00,1.26
2014.10.14 22:23:19.797,6.57907,6.58198,1.00,1.70
2014.10.14 22:23:19.848,6.57927,6.58198,1.00,1.70
2014.10.14 22:23:19.949,6.5791,6.58198,1.00,1.70
2014.10.14 22:23:20.134,6.57928,6.58198,1.00,1.70
2014.10.14 22:23:24.242,6.57928,6.58188,1.00,1.00
2014.10.14 22:23:26.130,6.57928,6.58197,1.00,1.26
2014.10.14 22:23:27.600,6.57928,6.58198,1.00,1.70
2014.10.14 22:23:27.650,6.57928,6.58188,1.00,1.00
2014.10.14 22:23:28.083,6.5795,6.58178,1.00,1.00
2014.10.14 22:23:29.312,6.5795,6.58198,1.00,1.00
2014.10.14 22:23:32.778,6.5795,6.58197,1.00,1.26
2014.10.14 22:23:35.883,6.5795,6.58208,1.00,1.00
2014.10.14 22:23:37.553,6.5795,6.58207,1.00,1.00
2014.10.14 22:23:37.980,6.5795,6.58198,1.00,1.26
2014.10.14 22:23:38.976,6.5795,6.58197,1.00,1.26
2014.10.14 22:23:40.182,6.5795,6.58207,1.00,1.00
2014.10.14 22:23:42.162,6.5795,6.58208,1.00,1.26
2014.10.14 22:23:44.103,6.5795,6.58217,1.00,1.00
2014.10.14 22:23:44.665,6.5795,6.58218,1.00,1.00
2014.10.14 22:23:46.898,6.5795,6.58208,1.00,1.00
2014.10.14 22:23:47.524,6.5795,6.58207,1.00,1.00
2014.10.14 22:23:49.672,6.5795,6.58198,1.00,1.26
2014.10.14 22:23:52.951,6.5795,6.58188,1.00,1.70
2014.10.14 22:23:53.052,6.57927,6.58188,1.00,1.70
2014.10.14 22:23:53.917,6.57927,6.58187,1.00,1.26
2014.10.14 22:23:54.964,6.57927,6.58178,1.00,1.26
2014.10.14 22:23:55.528,6.57927,6.58188,1.00,2.45
2014.10.14 22:23:56.156,6.57927,6.58188,1.00,1.70
2014.10.14 22:23:56.255,6.57927,6.58188,1.00,2.45
2014.10.14 22:23:58.646,6.57927,6.58178,1.00,1.26
2014.10.14 22:23:59.454,6.57927,6.58187,1.00,1.70
2014.10.14 22:24:00.662,6.57903,6.58187,1.00,1.70
2014.10.14 22:24:12.882,6.57903,6.58188,1.00,1.26
2014.10.14 22:24:12.933,6.57903,6.58193,1.00,1.00
2014.10.14 22:24:13.035,6.57903,6.58188,1.00,1.26
2014.10.14 22:24:18.048,6.57903,6.58193,1.00,1.00
2014.10.14 22:24:20.448,6.57932,6.58198,1.00,1.26
2014.10.14 22:24:20.848,6.57932,6.58207,1.00,1.00
2014.10.14 22:24:24.364,6.57932,6.58198,1.00,1.26
2014.10.14 22:24:27.378,6.57932,6.58207,1.00,1.26
2014.10.14 22:24:29.309,6.57932,6.58207,1.00,2.01
2014.10.14 22:24:44.170,6.57932,6.58216,1.00,2.05
2014.10.14 22:24:44.369,6.57932,6.58216,1.00,1.30
2014.10.14 22:24:44.422,6.57932,6.58208,1.00,1.00
2014.10.14 22:24:45.052,6.57956,6.58207,1.00,1.00
2014.10.14 22:24:46.072,6.57956,6.58208,1.00,1.00
2014.10.14 22:24:56.632,6.57956,6.58218,1.00,1.00
2014.10.14 22:24:57.095,6.57956,6.58228,1.00,1.00
2014.10.14 22:24:57.298,6.57975,6.58228,1.00,1.00
2014.10.14 22:24:57.424,6.57975,6.58238,1.00,1.00
2014.10.14 22:24:57.485,6.57964,6.58238,1.00,1.00
2014.10.14 22:24:57.703,6.57982,6.58238,1.00,1.00
2014.10.14 22:25:12.606,6.57982,6.58256,1.00,1.30
2014.10.14 22:25:13.430,6.57982,6.58248,1.00,1.26
2014.10.14 22:25:23.454,6.57982,6.58247,1.00,1.26
2014.10.14 22:25:25.122,6.57982,6.58238,1.00,1.26
2014.10.14 22:25:28.544,6.57982,6.58248,1.00,1.26
2014.10.14 22:25:33.674,6.57982,6.58238,1.00,1.26
2014.10.14 22:25:36.653,6.57982,6.58248,1.00,1.00
2014.10.14 22:25:36.755,6.57982,6.58238,1.00,1.00
2014.10.14 22:25:36.832,6.57982,6.58247,1.00,1.00
2014.10.14 22:25:37.452,6.57982,6.58248,1.00,1.70
2014.10.14 22:25:41.295,6.58007,6.58248,1.00,1.00
2014.10.14 22:25:41.704,6.57992,6.58248,1.00,1.00
2014.10.14 22:25:41.818,6.58007,6.58248,1.00,1.00
2014.10.14 22:25:43.370,6.58007,6.58258,1.00,1.00
2014.10.14 22:25:45.413,6.58007,6.58268,1.00,1.00
2014.10.14 22:25:48.821,6.58007,6.58258,1.00,1.00
2014.10.14 22:25:50.252,6.58007,6.58268,1.00,1.00
2014.10.14 22:25:52.672,6.58007,6.58267,1.00,1.00
2014.10.14 22:26:17.098,6.58007,6.58258,1.00,1.00
2014.10.14 22:26:17.581,6.58007,6.58268,1.00,1.00
2014.10.14 22:26:30.731,6.58007,6.58258,1.00,1.00
2014.10.14 22:26:31.720,6.58007,6.58267,1.00,1.00
2014.10.14 22:26:32.564,6.58007,6.58268,1.00,1.00
2014.10.14 22:26:41.400,6.58007,6.58258,1.00,1.00
2014.10.14 22:26:42.115,6.57923,6.58258,1.26,1.00
2014.10.14 22:26:43.745,6.58027,6.58258,1.00,1.00
2014.10.14 22:26:53.171,6.58027,6.58268,1.00,1.00
2014.10.14 22:27:01.639,6.58027,6.58258,1.00,1.00
2014.10.14 22:27:13.190,6.58027,6.58248,1.00,1.00
2014.10.14 22:27:13.565,6.58027,6.58258,1.00,1.00
2014.10.14 22:27:19.020,6.58027,6.58268,1.00,1.00
2014.10.14 22:27:23.530,6.58027,6.58278,1.00,1.00
2014.10.14 22:27:24.760,6.58027,6.58298,1.00,1.00
2014.10.14 22:27:24.810,6.58044,6.58298,1.00,1.00
2014.10.14 22:27:25.113,6.5805,6.58298,1.00,1.00
2014.10.14 22:27:25.215,6.5803,6.58298,1.00,1.00
2014.10.14 22:27:25.366,6.58051,6.58298,1.00,1.00
2014.10.14 22:27:27.721,6.58051,6.58307,1.00,1.00
2014.10.14 22:27:28.039,6.58051,6.58298,1.00,1.00
2014.10.14 22:27:34.529,6.58051,6.58297,1.00,1.00
2014.10.14 22:27:35.738,6.58051,6.58287,1.00,1.00
2014.10.14 22:27:46.586,6.58051,6.58288,1.00,1.00
2014.10.14 22:27:57.898,6.58051,6.58278,1.00,1.00
2014.10.14 22:27:58.880,6.58024,6.58278,1.00,1.00
2014.10.14 22:27:59.033,6.57996,6.58267,1.00,1.00
2014.10.14 22:27:59.643,6.58004,6.58267,1.00,1.00
2014.10.14 22:28:01.638,6.58004,6.58277,1.00,1.26
2014.10.14 22:28:11.060,6.58004,6.58278,1.00,1.70
2014.10.14 22:28:13.784,6.58004,6.58278,1.00,2.45
2014.10.14 22:28:14.100,6.58004,6.58247,1.00,1.00
2014.10.14 22:28:14.639,6.58004,6.58248,1.00,1.00
2014.10.14 22:28:15.059,6.58004,6.58237,1.00,1.00
2014.10.14 22:28:15.519,6.58004,6.58248,1.00,1.00
2014.10.14 22:28:18.359,6.58004,6.58257,1.00,1.00
2014.10.14 22:28:21.439,6.58004,6.58248,1.00,1.00
2014.10.14 22:28:22.550,6.58004,6.58247,1.00,1.00
2014.10.14 22:28:22.678,6.58004,6.58258,1.00,1.00
2014.10.14 22:28:24.073,6.58021,6.58258,1.00,1.00
2014.10.14 22:28:25.668,6.58021,6.58247,1.00,1.00
2014.10.14 22:28:25.983,6.58043,6.58247,1.00,1.00
2014.10.14 22:28:26.628,6.58043,6.58258,1.00,1.00
2014.10.14 22:28:32.218,6.58043,6.58247,1.00,1.00
2014.10.14 22:28:38.488,6.58043,6.58257,1.00,1.00
2014.10.14 22:28:39.922,6.58043,6.58247,1.00,1.00
2014.10.14 22:28:40.128,6.58043,6.58257,1.00,1.00
2014.10.14 22:28:40.689,6.58043,6.58258,1.00,1.00
2014.10.14 22:28:57.408,6.58043,6.58248,1.00,1.00
2014.10.14 22:29:01.167,6.58043,6.58257,1.00,1.00
2014.10.14 22:29:09.397,6.58043,6.58248,1.00,1.00
2014.10.14 22:29:13.823,6.58043,6.58257,1.00,1.00
2014.10.14 22:29:15.819,6.58043,6.58258,1.00,1.00
2014.10.14 22:29:26.438,6.57942,6.58258,1.26,1.00
2014.10.14 22:29:44.739,6.57953,6.58288,1.26,1.00
2014.10.14 22:29:44.840,6.58068,6.58288,1.00,1.00
2014.10.14 22:29:44.941,6.58068,6.58298,1.00,1.00
2014.10.14 22:29:45.067,6.5805,6.58298,1.00,1.00
2014.10.14 22:29:45.351,6.58075,6.58298,1.00,1.00
2014.10.14 22:29:45.461,6.58057,6.58298,1.00,1.00
2014.10.14 22:29:45.571,6.5808,6.58298,1.00,1.00
2014.10.14 22:29:59.887,6.5808,6.58288,1.00,1.00
2014.10.14 22:30:00.140,6.58034,6.58288,1.00,1.00
2014.10.14 22:30:00.436,6.58034,6.58278,1.00,1.00
2014.10.14 22:30:00.855,6.58048,6.58267,1.00,1.00
2014.10.14 22:30:01.412,6.58,6.58267,1.00,1.00
2014.10.14 22:30:01.669,6.58,6.58258,1.00,1.00
2014.10.14 22:30:02.087,6.58,6.58268,1.00,1.00
2014.10.14 22:30:02.622,6.58015,6.58268,1.00,1.00
2014.10.14 22:30:09.128,6.58015,6.58257,1.00,1.00
2014.10.14 22:30:13.966,6.58015,6.58268,1.00,1.00
2014.10.14 22:30:24.308,6.58015,6.58248,1.00,1.00
2014.10.14 22:30:32.577,6.58015,6.58238,1.00,1.00
2014.10.14 22:30:39.402,6.58015,6.58248,1.00,1.00
2014.10.14 22:30:45.970,6.58033,6.58248,1.00,1.00
2014.10.14 22:30:46.021,6.58033,6.58258,1.00,1.00
2014.10.14 22:30:54.228,6.58033,6.58267,1.00,1.00
2014.10.14 22:30:55.406,6.58033,6.58268,1.00,1.00
2014.10.14 22:31:05.237,6.58033,6.58278,1.00,1.00
2014.10.14 22:31:05.467,6.58033,6.58288,1.00,1.00
2014.10.14 22:31:06.312,6.58053,6.58288,1.00,1.00
2014.10.14 22:31:07.461,6.58075,6.58288,1.00,1.00
2014.10.14 22:31:07.564,6.58058,6.58288,1.00,1.00
2014.10.14 22:31:07.673,6.58076,6.58288,1.00,1.00
2014.10.14 22:31:08.142,6.58076,6.58298,1.00,1.00
2014.10.14 22:31:08.193,6.58056,6.58298,1.00,1.00
2014.10.14 22:31:08.317,6.58056,6.58287,1.00,1.00
2014.10.14 22:31:08.867,6.58056,6.58288,1.00,1.00
2014.10.14 22:31:09.386,6.58056,6.58287,1.00,1.00
2014.10.14 22:31:09.936,6.58056,6.58288,1.00,1.00
2014.10.14 22:31:11.176,6.58056,6.58298,1.00,1.00
2014.10.14 22:31:14.147,6.58056,6.58288,1.00,1.00
2014.10.14 22:31:15.662,6.58017,6.58288,1.00,1.00
2014.10.14 22:31:15.713,6.58017,6.58278,1.00,1.00
2014.10.14 22:31:16.055,6.58046,6.58278,1.00,1.00
2014.10.14 22:31:16.212,6.58044,6.58278,1.00,1.00
2014.10.14 22:31:16.263,6.58044,6.58287,1.00,1.00
2014.10.14 22:31:22.773,6.58044,6.58288,1.00,1.00
2014.10.14 22:31:22.824,6.58064,6.58288,1.00,1.00
2014.10.14 22:31:43.295,6.58064,6.58308,1.00,1.00
2014.10.14 22:31:44.306,6.58064,6.58288,1.00,1.00
2014.10.14 22:31:53.087,6.58064,6.58298,1.00,1.00
2014.10.14 22:32:22.974,6.57973,6.58298,1.26,1.00
2014.10.14 22:32:32.617,6.57972,6.58298,1.26,1.00
2014.10.14 22:32:42.659,6.57982,6.58298,1.26,1.00
2014.10.14 22:32:42.709,6.57982,6.58308,1.26,1.00
2014.10.14 22:32:48.090,6.57973,6.58308,1.26,1.00
2014.10.14 22:32:50.395,6.57973,6.58318,1.26,1.00
2014.10.14 22:32:51.016,6.57972,6.58318,1.26,1.00
2014.10.14 22:32:52.528,6.57962,6.58318,1.26,1.00
2014.10.14 22:32:53.833,6.57972,6.58318,1.26,1.00
2014.10.14 22:32:58.685,6.57982,6.58318,1.26,1.00
2014.10.14 22:32:59.524,6.57982,6.58327,1.26,1.00
2014.10.14 22:33:03.679,6.57983,6.58327,1.26,1.00
2014.10.14 22:33:05.592,6.57972,6.58327,1.26,1.00
2014.10.14 22:33:06.597,6.57982,6.58327,1.26,1.00
2014.10.14 22:33:09.315,6.57982,6.58318,1.26,1.00
2014.10.14 22:33:09.427,6.57972,6.58318,1.26,1.00
2014.10.14 22:33:09.535,6.57972,6.58328,1.26,1.00
2014.10.14 22:33:09.946,6.57982,6.58328,1.26,1.00
2014.10.14 22:33:10.250,6.58082,6.58338,1.00,1.00
2014.10.14 22:33:10.887,6.58104,6.58328,1.00,1.00
2014.10.14 22:33:12.174,6.58104,6.58338,1.00,1.00
2014.10.14 22:33:12.326,6.58104,6.58328,1.00,1.00
2014.10.14 22:33:12.437,6.58104,6.58347,1.00,1.00
2014.10.14 22:33:14.596,6.58104,6.58342,1.00,1.00
2014.10.14 22:33:16.280,6.58104,6.58338,1.00,1.00
2014.10.14 22:33:16.514,6.58104,6.58342,1.00,1.00
2014.10.14 22:33:16.592,6.58104,6.58344,1.00,1.00
2014.10.14 22:33:17.344,6.58104,6.58337,1.00,1.00
2014.10.14 22:33:18.115,6.58104,6.58317,1.00,1.00
2014.10.14 22:33:21.309,6.58104,6.58344,1.00,1.00
2014.10.14 22:33:31.975,6.58104,6.58338,1.00,1.00
2014.10.14 22:33:38.574,6.58104,6.58344,1.00,1.00
2014.10.14 22:33:52.954,6.58104,6.58343,1.00,1.00
2014.10.14 22:33:59.472,6.58104,6.58317,1.00,1.00
2014.10.14 22:33:59.574,6.58054,6.58317,1.00,1.00
2014.10.14 22:33:59.827,6.58081,6.58318,1.00,1.00
2014.10.14 22:34:19.058,6.58081,6.58308,1.00,1.00
2014.10.14 22:34:32.144,6.58081,6.58318,1.00,1.00
2014.10.14 22:34:53.262,6.58081,6.58307,1.00,1.00
2014.10.14 22:34:53.813,6.58081,6.58308,1.00,1.00
2014.10.14 22:34:59.430,6.58081,6.58317,1.00,1.00
2014.10.14 22:34:59.551,6.58081,6.58342,1.00,1.00
2014.10.14 22:34:59.652,6.58087,6.58342,1.00,1.00
2014.10.14 22:34:59.703,6.58087,6.58348,1.00,1.50
2014.10.14 22:34:59.754,6.58095,6.58337,1.00,1.00
2014.10.14 22:35:01.624,6.58095,6.58338,1.00,1.00
2014.10.14 22:35:06.178,6.58095,6.58348,1.00,1.50
2014.10.14 22:35:10.232,6.58095,6.58338,1.00,1.00
2014.10.14 22:35:12.423,6.58112,6.58348,1.00,1.50
2014.10.14 22:35:13.064,6.58112,6.58347,1.00,1.00
2014.10.14 22:35:14.384,6.58112,6.58348,1.00,1.00
2014.10.14 22:35:15.396,6.58112,6.58347,1.00,1.00
2014.10.14 22:35:15.797,6.58112,6.58349,1.00,1.00
2014.10.14 22:35:16.305,6.58112,6.58348,1.00,1.00
2014.10.14 22:35:21.304,6.58112,6.58347,1.00,1.00
2014.10.14 22:35:22.549,6.58112,6.58348,1.00,1.00
2014.10.14 22:35:30.822,6.58112,6.58347,1.00,1.00
2014.10.14 22:35:31.825,6.58112,6.58349,1.00,1.00
2014.10.14 22:35:32.927,6.58112,6.58348,1.00,1.00
2014.10.14 22:35:33.506,6.58112,6.58349,1.00,1.00
2014.10.14 22:35:34.529,6.58112,6.58348,1.00,1.00
2014.10.14 22:35:35.574,6.58112,6.58349,1.00,1.00
2014.10.14 22:35:36.143,6.58112,6.5835,1.00,1.00
2014.10.14 22:35:37.537,6.58112,6.58351,1.00,1.00
2014.10.14 22:35:46.355,6.58112,6.5835,1.00,1.00
2014.10.14 22:35:48.660,6.58112,6.58349,1.00,1.00
2014.10.14 22:35:50.736,6.58112,6.5835,1.00,1.00
2014.10.14 22:35:52.795,6.58112,6.58351,1.00,1.00
2014.10.14 22:35:53.393,6.58112,6.5835,1.00,1.00
2014.10.14 22:35:56.586,6.58112,6.58351,1.00,1.00
2014.10.14 22:35:57.579,6.58112,6.5835,1.00,1.00
2014.10.14 22:36:05.797,6.58112,6.58354,1.00,1.00
2014.10.14 22:36:08.923,6.58112,6.58347,1.00,1.26
2014.10.14 22:36:10.651,6.58112,6.58348,1.00,1.26
2014.10.14 22:36:11.894,6.58112,6.58338,1.00,1.26
2014.10.14 22:36:12.298,6.58112,6.58328,1.00,1.26
2014.10.14 22:36:12.431,6.57994,6.58328,1.30,1.26
2014.10.14 22:36:14.141,6.58092,6.58328,1.00,1.26
2014.10.14 22:36:15.445,6.58092,6.58318,1.00,1.26
2014.10.14 22:36:15.892,6.58092,6.58328,1.00,1.26
2014.10.14 22:36:16.156,6.58092,6.58318,1.00,1.26
2014.10.14 22:36:16.860,6.58092,6.58327,1.00,1.26
2014.10.14 22:36:18.275,6.58092,6.58337,1.00,1.26
2014.10.14 22:36:18.427,6.58092,6.58347,1.00,1.26
2014.10.14 22:36:18.529,6.58116,6.58348,1.00,1.26
2014.10.14 22:36:18.832,6.58099,6.58348,1.00,1.26
2014.10.14 22:36:18.934,6.58117,6.58348,1.00,1.26
2014.10.14 22:36:19.503,6.58117,6.58354,1.00,1.00
2014.10.14 22:36:19.626,6.58109,6.58354,1.00,1.00
2014.10.14 22:36:19.727,6.5813,6.58354,1.00,1.00
2014.10.14 22:36:20.669,6.5813,6.58352,1.00,1.00
2014.10.14 22:36:20.720,6.58108,6.58352,1.00,1.00
2014.10.14 22:36:21.882,6.58108,6.58347,1.00,1.26
2014.10.14 22:36:22.453,6.58108,6.58352,1.00,1.00
2014.10.14 22:36:24.213,6.58108,6.58348,1.00,1.26
2014.10.14 22:36:24.372,6.58108,6.58352,1.00,1.00
2014.10.14 22:36:24.901,6.58108,6.58348,1.00,1.26
2014.10.14 22:36:25.412,6.58108,6.58337,1.00,1.26
2014.10.14 22:36:25.638,6.58108,6.58347,1.00,1.26
2014.10.14 22:36:25.739,6.58062,6.58347,1.00,1.26
2014.10.14 22:36:26.079,6.58079,6.58347,1.00,1.26
2014.10.14 22:36:27.013,6.58079,6.58338,1.00,1.26
2014.10.14 22:36:28.830,6.58079,6.58328,1.00,1.26
2014.10.14 22:36:35.186,6.58079,6.58308,1.00,1.26
2014.10.14 22:36:35.237,6.58032,6.58308,1.00,1.26
2014.10.14 22:36:35.389,6.58032,6.58297,1.00,1.26
2014.10.14 22:36:35.978,6.58047,6.58297,1.00,1.26
2014.10.14 22:36:36.788,6.58047,6.58298,1.00,1.26
2014.10.14 22:36:40.218,6.58047,6.58287,1.00,1.26
2014.10.14 22:36:40.599,6.58008,6.58287,1.00,1.26
2014.10.14 22:36:40.924,6.58032,6.58287,1.00,1.26
2014.10.14 22:36:40.975,6.58032,6.58298,1.00,1.26
2014.10.14 22:36:41.228,6.58032,6.58288,1.00,1.26
2014.10.14 22:36:41.839,6.58059,6.58288,1.00,1.26
2014.10.14 22:36:41.890,6.58059,6.58298,1.00,1.26
2014.10.14 22:36:42.093,6.58059,6.58308,1.00,1.26
2014.10.14 22:36:42.144,6.58045,6.58308,1.00,1.26
2014.10.14 22:36:42.296,6.58058,6.58308,1.00,1.26
2014.10.14 22:36:44.089,6.58058,6.58298,1.00,1.26
2014.10.14 22:36:44.241,6.58003,6.58297,1.00,1.26
2014.10.14 22:36:44.292,6.58003,6.58288,1.00,1.26
2014.10.14 22:36:44.628,6.58031,6.58288,1.00,1.26
2014.10.14 22:36:45.823,6.58031,6.58278,1.00,1.26
2014.10.14 22:36:46.263,6.58031,6.58288,1.00,1.26
2014.10.14 22:36:46.722,6.58031,6.58278,1.00,1.26
2014.10.14 22:36:47.227,6.58031,6.58298,1.00,1.26
2014.10.14 22:36:47.429,6.58031,6.58308,1.00,1.26
2014.10.14 22:36:47.743,6.58031,6.58318,1.00,1.64
2014.10.14 22:36:48.244,6.58031,6.58308,1.00,1.26
2014.10.14 22:36:49.783,6.58031,6.58307,1.00,1.26
2014.10.14 22:36:50.265,6.58058,6.58318,1.00,1.64
2014.10.14 22:37:17.912,6.58058,6.58328,1.00,1.26
2014.10.14 22:37:18.115,6.5808,6.58328,1.00,1.26
2014.10.14 22:37:18.166,6.5808,6.58338,1.00,1.64
2014.10.14 22:37:18.442,6.58058,6.58327,1.00,1.26
2014.10.14 22:37:19.052,6.58058,6.58328,1.00,1.26
2014.10.14 22:37:20.144,6.58058,6.58318,1.00,1.26
2014.10.14 22:37:20.788,6.58058,6.58327,1.00,1.26
2014.10.14 22:37:22.142,6.58058,6.58317,1.00,1.26
2014.10.14 22:37:27.483,6.58058,6.58328,1.00,1.26
2014.10.14 22:37:27.584,6.58081,6.5834,1.00,1.00
2014.10.14 22:37:27.685,6.58062,6.5834,1.00,1.75
2014.10.14 22:37:28.057,6.58086,6.5834,1.00,1.75
2014.10.14 22:37:28.381,6.58072,6.58348,1.00,2.45
2014.10.14 22:37:28.584,6.58076,6.58348,1.00,2.45
2014.10.14 22:37:29.106,6.58095,6.58348,1.00,2.45
2014.10.14 22:37:29.471,6.58095,6.58348,1.00,1.00
2014.10.14 22:37:29.702,6.58089,6.58348,1.00,1.00
2014.10.14 22:37:29.804,6.5811,6.58348,1.00,1.00
2014.10.14 22:37:43.359,6.5811,6.58268,1.00,1.00
2014.10.14 22:37:48.311,6.5811,6.58278,1.00,1.00
2014.10.14 22:37:54.597,6.5811,6.58288,1.00,1.00
2014.10.14 22:37:54.699,6.5811,6.58278,1.00,1.00
2014.10.14 22:37:54.750,6.58091,6.58278,1.00,1.00
2014.10.14 22:37:55.240,6.58091,6.58268,1.00,1.00
2014.10.14 22:37:55.571,6.58091,6.58277,1.00,1.00
2014.10.14 22:37:55.909,6.58091,6.58258,1.00,1.00
2014.10.14 22:37:56.061,6.58075,6.58258,1.00,1.00
2014.10.14 22:37:56.230,6.58075,6.58268,1.00,1.00
2014.10.14 22:37:58.213,6.58075,6.58258,1.00,1.00
2014.10.14 22:38:01.731,6.58075,6.58278,1.00,1.00
2014.10.14 22:38:02.611,6.58075,6.58277,1.00,1.00
2014.10.14 22:38:04.700,6.58075,6.58278,1.00,1.00
2014.10.14 22:38:10.593,6.58025,6.58278,1.00,1.00
2014.10.14 22:38:10.644,6.58025,6.58268,1.00,1.00
2014.10.14 22:38:10.952,6.58025,6.58258,1.00,1.00
2014.10.14 22:38:11.275,6.58061,6.58257,1.00,1.00
2014.10.14 22:38:11.651,6.58061,6.58247,1.00,1.00
2014.10.14 22:38:12.180,6.58061,6.58248,1.00,1.00
2014.10.14 22:38:18.670,6.58061,6.58257,1.00,1.00
2014.10.14 22:38:28.428,6.58087,6.58257,1.00,1.00
2014.10.14 22:38:29.386,6.58087,6.58278,1.00,1.00
2014.10.14 22:38:30.795,6.58087,6.58288,1.00,1.00
2014.10.14 22:38:30.897,6.58087,6.58298,1.00,1.00
2014.10.14 22:38:31.187,6.5811,6.58298,1.00,1.00
2014.10.14 22:38:32.859,6.5811,6.58287,1.00,1.00
2014.10.14 22:38:37.370,6.5811,6.58278,1.00,1.00
2014.10.14 22:38:43.199,6.5811,6.58268,1.00,1.00
2014.10.14 22:38:51.560,6.5811,6.58277,1.00,1.00
2014.10.14 22:38:52.102,6.5811,6.58278,1.00,1.00
2014.10.14 22:38:52.153,6.5811,6.58288,1.00,1.00
2014.10.14 22:38:53.333,6.5811,6.58358,1.00,1.00
2014.10.14 22:38:53.535,6.5811,6.58362,1.00,1.00
2014.10.14 22:38:53.636,6.5813,6.58362,1.00,1.00
2014.10.14 22:38:54.031,6.5813,6.5836,1.00,1.00
2014.10.14 22:39:07.956,6.5813,6.58359,1.00,1.00
2014.10.14 22:39:22.968,6.5813,6.5836,1.00,1.00
2014.10.14 22:39:25.162,6.5811,6.5836,1.00,1.00
2014.10.14 22:40:00.948,6.58072,6.5836,1.26,1.00
2014.10.14 22:40:01.016,6.58095,6.5836,1.00,1.00
2014.10.14 22:40:04.220,6.58114,6.5836,1.00,1.00
2014.10.14 22:41:04.290,6.58072,6.5836,1.26,1.00
2014.10.14 22:41:04.872,6.58062,6.5836,1.64,1.00
2014.10.14 22:41:12.413,6.58072,6.5836,1.26,1.00
2014.10.14 22:41:16.748,6.58062,6.5836,1.64,1.00
2014.10.14 22:41:25.386,6.58068,6.5836,1.00,1.00
2014.10.14 22:41:25.731,6.58095,6.5836,1.00,1.00
2014.10.14 22:41:47.276,6.58125,6.5836,1.00,1.00
2014.10.14 22:42:38.645,6.58149,6.5836,1.00,1.00
2014.10.14 22:42:38.995,6.58121,6.5836,1.00,1.00
2014.10.14 22:42:39.101,6.58108,6.5836,1.00,1.00
2014.10.14 22:42:39.203,6.58139,6.5836,1.00,1.00
2014.10.14 22:42:39.558,6.58086,6.5836,1.75,1.00
2014.10.14 22:42:39.661,6.5814,6.5836,1.00,1.00
2014.10.14 22:42:40.111,6.58085,6.5836,1.75,1.00
2014.10.14 22:42:40.416,6.5814,6.5836,1.00,1.00
2014.10.14 22:42:40.625,6.58086,6.5836,1.75,1.00
2014.10.14 22:42:40.735,6.58108,6.5836,1.00,1.00
2014.10.14 22:42:41.073,6.58139,6.5836,1.00,1.00
2014.10.14 22:42:41.317,6.58087,6.5836,1.75,1.00
2014.10.14 22:42:41.419,6.58109,6.5836,1.00,1.00
2014.10.14 22:42:41.777,6.58139,6.5836,1.00,1.00
2014.10.14 22:42:41.835,6.58085,6.5836,1.75,1.00
2014.10.14 22:42:42.055,6.58139,6.5836,1.00,1.00
2014.10.14 22:42:42.513,6.58084,6.5836,1.75,1.00
2014.10.14 22:42:42.764,6.58139,6.5836,1.00,1.00
2014.10.14 22:42:43.155,6.58084,6.58359,1.75,1.00
2014.10.14 22:42:43.265,6.58139,6.58359,1.00,1.00
2014.10.14 22:42:43.705,6.58086,6.58359,1.75,1.00
2014.10.14 22:42:43.928,6.58108,6.58359,1.00,1.00
2014.10.14 22:42:44.267,6.5814,6.58359,1.00,1.00
2014.10.14 22:42:44.368,6.58087,6.58359,1.75,1.00
2014.10.14 22:42:44.471,6.58087,6.58359,1.00,1.00
2014.10.14 22:42:44.521,6.58108,6.58359,1.00,1.00
2014.10.14 22:42:44.830,6.58139,6.58359,1.00,1.00
2014.10.14 22:42:44.931,6.58086,6.58359,1.00,1.00
2014.10.14 22:42:45.228,6.58108,6.58359,1.00,1.00
2014.10.14 22:42:45.569,6.58139,6.58359,1.00,1.00
2014.10.14 22:42:45.620,6.58087,6.58359,1.00,1.00
2014.10.14 22:42:45.735,6.58108,6.58359,1.00,1.00
2014.10.14 22:42:46.101,6.58139,6.58359,1.00,1.00
2014.10.14 22:42:46.271,6.58085,6.58359,1.00,1.00
2014.10.14 22:42:46.373,6.5814,6.58359,1.00,1.00
2014.10.14 22:42:46.822,6.58085,6.58359,1.00,1.00
2014.10.14 22:42:47.041,6.58108,6.58359,1.00,1.00
2014.10.14 22:42:47.402,6.58139,6.58359,1.00,1.00
2014.10.14 22:42:47.453,6.58086,6.58359,1.00,1.00
2014.10.14 22:42:47.559,6.58108,6.58359,1.00,1.00
2014.10.14 22:42:47.910,6.58139,6.58359,1.00,1.00
2014.10.14 22:42:48.140,6.58087,6.58359,1.00,1.00
2014.10.14 22:42:48.242,6.58108,6.58359,1.00,1.00
2014.10.14 22:42:48.675,6.58139,6.58359,1.00,1.00
2014.10.14 22:42:48.776,6.58085,6.58359,1.00,1.00
2014.10.14 22:42:48.877,6.58139,6.58359,1.00,1.00
2014.10.14 22:42:49.326,6.58085,6.58359,1.00,1.00
2014.10.14 22:42:49.548,6.58139,6.58359,1.00,1.00
2014.10.14 22:42:49.975,6.58086,6.58359,1.00,1.00
2014.10.14 22:42:50.086,6.58108,6.58359,1.00,1.00
2014.10.14 22:42:50.428,6.58139,6.58359,1.00,1.00
2014.10.14 22:42:50.525,6.58085,6.58359,1.00,1.00
2014.10.14 22:42:50.753,6.58139,6.58359,1.00,1.00
2014.10.14 22:42:51.231,6.58084,6.58359,1.00,1.00
2014.10.14 22:42:51.407,6.58139,6.58359,1.00,1.00
2014.10.14 22:42:51.860,6.58084,6.58359,1.00,1.00
2014.10.14 22:42:52.086,6.58139,6.58359,1.00,1.00
2014.10.14 22:42:52.538,6.58084,6.58359,1.00,1.00
2014.10.14 22:42:52.639,6.58139,6.58359,1.00,1.00
2014.10.14 22:42:53.071,6.58085,6.58359,1.00,1.00
2014.10.14 22:42:53.296,6.5814,6.58359,1.00,1.00
2014.10.14 22:42:53.715,6.58085,6.58359,1.00,1.00
2014.10.14 22:42:53.968,6.58139,6.58359,1.00,1.00
2014.10.14 22:42:54.391,6.58085,6.58359,1.00,1.00
2014.10.14 22:42:54.605,6.58139,6.58359,1.00,1.00
2014.10.14 22:42:54.942,6.58086,6.58359,1.00,1.00
2014.10.14 22:42:55.044,6.58108,6.58359,1.00,1.00
2014.10.14 22:42:55.394,6.5814,6.58359,1.00,1.00
2014.10.14 22:42:55.512,6.58085,6.58359,1.00,1.00
2014.10.14 22:42:55.714,6.58108,6.58359,1.00,1.00
2014.10.14 22:42:56.135,6.58138,6.58359,1.00,1.00
2014.10.14 22:42:56.186,6.58086,6.58359,1.00,1.00
2014.10.14 22:42:56.288,6.58108,6.58359,1.00,1.00
2014.10.14 22:42:56.595,6.58139,6.58359,1.00,1.00
2014.10.14 22:42:56.838,6.58087,6.58359,1.00,1.00
2014.10.14 22:42:57.041,6.58139,6.58359,1.00,1.00
2014.10.14 22:42:57.573,6.58085,6.58359,1.00,1.00
2014.10.14 22:42:57.723,6.58139,6.58359,1.00,1.00
2014.10.14 22:42:57.926,6.58085,6.58359,1.00,1.00
2014.10.14 22:42:58.128,6.58108,6.58359,1.00,1.00
2014.10.14 22:42:58.549,6.58138,6.58359,1.00,1.00
2014.10.14 22:42:58.600,6.58087,6.58359,1.00,1.00
2014.10.14 22:42:58.702,6.58108,6.58359,1.00,1.00
2014.10.14 22:42:59.052,6.58139,6.58359,1.00,1.00
2014.10.14 22:42:59.255,6.58085,6.58359,1.00,1.00
2014.10.14 22:42:59.356,6.58139,6.58359,1.00,1.00
2014.10.14 22:42:59.804,6.58085,6.58359,1.00,1.00
2014.10.14 22:42:59.905,6.58108,6.58359,1.00,1.00
2014.10.14 22:43:00.360,6.58139,6.58359,1.00,1.00
2014.10.14 22:43:00.461,6.58086,6.58359,1.00,1.00
2014.10.14 22:43:00.562,6.58108,6.58359,1.00,1.00
2014.10.14 22:43:00.961,6.58139,6.58359,1.00,1.00
2014.10.14 22:43:01.012,6.58085,6.58359,1.00,1.00
2014.10.14 22:43:01.085,6.58139,6.58359,1.00,1.00
2014.10.14 22:43:01.665,6.58084,6.58359,1.00,1.00
2014.10.14 22:43:01.766,6.58139,6.58359,1.00,1.00
2014.10.14 22:43:02.210,6.58085,6.58359,1.00,1.00
2014.10.14 22:43:02.411,6.58139,6.58359,1.00,1.00
2014.10.14 22:43:02.845,6.58085,6.58359,1.00,1.00
2014.10.14 22:43:02.966,6.58139,6.58359,1.00,1.00
2014.10.14 22:43:03.417,6.58084,6.58359,1.00,1.00
2014.10.14 22:43:03.617,6.58139,6.58359,1.00,1.00
2014.10.14 22:43:04.076,6.58085,6.58359,1.00,1.00
2014.10.14 22:43:04.177,6.58109,6.58359,1.00,1.00
2014.10.14 22:43:04.528,6.58139,6.58359,1.00,1.00
2014.10.14 22:43:04.731,6.58086,6.58359,1.00,1.00
2014.10.14 22:43:04.832,6.58108,6.58359,1.00,1.00
2014.10.14 22:43:05.172,6.58139,6.58359,1.00,1.00
2014.10.14 22:43:05.265,6.58086,6.58359,1.00,1.00
2014.10.14 22:43:05.533,6.58139,6.58359,1.00,1.00
2014.10.14 22:43:05.823,6.58085,6.58359,1.00,1.00
2014.10.14 22:43:05.934,6.58109,6.58359,1.00,1.00
2014.10.14 22:43:17.966,6.58109,6.5836,1.00,1.00
2014.10.14 22:43:27.883,6.58109,6.58359,1.00,1.00
2014.10.14 22:43:37.897,6.58109,6.5836,1.00,1.00
2014.10.14 22:44:06.202,6.58037,6.5836,1.72,1.00
2014.10.14 22:44:26.884,6.58078,6.5836,1.00,1.00
2014.10.14 22:45:08.796,6.581,6.5836,1.00,1.00
2014.10.14 22:45:57.454,6.581,6.58361,1.00,1.00
2014.10.14 22:46:04.565,6.58062,6.58361,1.26,1.00
2014.10.14 22:46:04.785,6.58068,6.58358,1.00,1.00
2014.10.14 22:46:06.434,6.58088,6.58361,1.00,1.00
2014.10.14 22:46:07.931,6.58088,6.58362,1.00,1.00
2014.10.14 22:47:06.841,6.58055,6.58362,1.67,1.00
2014.10.14 22:47:15.418,6.58062,6.58362,1.26,1.00
2014.10.14 22:47:22.971,6.58062,6.58361,1.26,1.00
2014.10.14 22:47:24.444,6.58063,6.58361,1.26,1.00
2014.10.14 22:47:26.336,6.58063,6.58361,2.01,1.00
2014.10.14 22:47:27.481,6.58063,6.58367,2.01,1.00
2014.10.14 22:47:37.946,6.58072,6.58366,1.67,1.00
2014.10.14 22:47:52.856,6.58082,6.58366,1.26,1.00
2014.10.14 22:47:53.361,6.58072,6.58366,2.30,1.00
2014.10.14 22:47:54.532,6.58072,6.58365,2.30,1.00
2014.10.14 22:48:02.601,6.58082,6.58365,1.26,1.00
2014.10.14 22:48:06.426,6.58072,6.58365,1.64,1.00
2014.10.14 22:48:29.576,6.58072,6.58365,1.26,1.00
2014.10.14 22:48:34.655,6.58073,6.58365,1.26,1.00
2014.10.14 22:48:36.702,6.58062,6.58365,1.32,1.00
2014.10.14 22:48:46.934,6.58063,6.58365,1.26,1.00
2014.10.14 22:48:56.992,6.58062,6.58365,1.32,1.00
2014.10.14 22:48:59.208,6.58104,6.58365,1.00,1.00
2014.10.14 22:48:59.549,6.58114,6.58365,1.00,1.00
2014.10.14 22:49:14.405,6.58104,6.58365,1.00,1.00
2014.10.14 22:49:14.507,6.58124,6.58365,1.00,1.00
2014.10.14 22:49:14.840,6.58103,6.58365,1.00,1.00
2014.10.14 22:49:15.670,6.58103,6.58367,1.00,1.00
2014.10.14 22:49:52.915,6.58103,6.58366,1.00,1.00
2014.10.14 22:50:07.935,6.58103,6.58367,1.00,1.00
2014.10.14 22:50:15.381,6.5806,6.58367,1.30,1.00
2014.10.14 22:50:20.852,6.58056,6.58367,1.30,1.00
2014.10.14 22:50:22.952,6.58056,6.58366,1.30,1.00
2014.10.14 22:50:30.610,6.58056,6.58358,1.30,1.00
2014.10.14 22:50:40.881,6.58057,6.58358,1.30,1.00
2014.10.14 22:50:48.984,6.58057,6.58358,2.05,1.00
2014.10.14 22:50:51.769,6.58057,6.58367,2.05,1.50
2014.10.14 22:50:54.908,6.58057,6.58367,1.30,1.50
2014.10.14 22:50:55.270,6.58062,6.58367,1.26,1.50
2014.10.14 22:50:55.578,6.58072,6.58367,1.26,1.00
2014.10.14 22:50:55.679,6.58062,6.58367,1.26,1.00
2014.10.14 22:50:56.886,6.58072,6.58367,1.26,1.00
2014.10.14 22:51:02.339,6.58073,6.58367,1.26,1.00
2014.10.14 22:51:08.014,6.58073,6.58366,1.26,1.00
2014.10.14 22:51:16.530,6.58072,6.58366,1.26,1.00
2014.10.14 22:51:17.487,6.58073,6.58366,1.26,1.00
2014.10.14 22:51:20.710,6.58072,6.58366,1.26,1.00
2014.10.14 22:51:22.935,6.58072,6.58367,1.92,1.00
2014.10.14 22:51:34.351,6.58073,6.58367,1.26,1.00
2014.10.14 22:51:41.777,6.58078,6.58367,1.30,1.00
2014.10.14 22:52:02.228,6.58067,6.58367,1.30,1.00
2014.10.14 22:52:22.522,6.58067,6.58367,2.05,1.00
2014.10.14 22:53:02.964,6.58062,6.58366,2.67,1.00
2014.10.14 22:53:17.886,6.58062,6.58367,2.67,1.00
2014.10.14 22:53:21.660,6.58062,6.58358,2.05,1.00
2014.10.14 22:53:24.003,6.58064,6.58358,2.05,1.00
2014.10.14 22:53:39.697,6.58064,6.58367,2.05,1.00
2014.10.14 22:53:47.066,6.58058,6.58358,2.05,1.00
2014.10.14 22:53:50.777,6.58058,6.58358,1.30,1.00
2014.10.14 22:54:04.796,6.58047,6.58358,2.05,1.00
2014.10.14 22:54:07.139,6.58047,6.58358,1.30,1.00
2014.10.14 22:54:16.505,6.58047,6.58358,1.67,1.00
2014.10.14 22:54:19.736,6.58047,6.58347,1.67,1.00
2014.10.14 22:54:24.891,6.58053,6.58347,1.30,1.00
2014.10.14 22:54:26.005,6.58053,6.58358,1.30,1.00
2014.10.14 22:54:40.857,6.58053,6.58367,1.30,1.00
2014.10.14 22:54:44.266,6.58053,6.58357,1.30,1.00
2014.10.14 22:54:44.917,6.58062,6.58357,1.30,1.00
2014.10.14 22:54:59.666,6.58062,6.58367,1.30,1.00
2014.10.14 22:55:02.527,6.58062,6.58358,1.30,1.00
2014.10.14 22:55:03.757,6.58062,6.58348,1.30,1.00
2014.10.14 22:55:03.956,6.58062,6.58358,1.30,1.00
2014.10.14 22:55:04.946,6.5804,6.58358,1.30,1.00
2014.10.14 22:55:07.037,6.5804,6.58347,1.30,1.00
2014.10.14 22:55:07.365,6.5804,6.58347,2.05,1.00
2014.10.14 22:55:08.667,6.5804,6.58348,2.05,1.00
2014.10.14 22:55:09.346,6.5804,6.58347,2.05,1.00
2014.10.14 22:55:11.106,6.5804,6.58348,2.05,1.00
2014.10.14 22:55:12.756,6.5804,6.58358,2.05,1.00
2014.10.14 22:55:29.586,6.58037,6.58348,2.05,1.00
2014.10.14 22:55:30.466,6.58037,6.58358,2.05,1.00
2014.10.14 22:55:32.777,6.58037,6.58348,2.05,1.00
2014.10.14 22:55:35.628,6.58037,6.58348,2.05,1.00
2014.10.14 22:55:35.730,6.58037,6.58348,2.05,1.00
2014.10.14 22:55:35.781,6.58037,6.58338,2.05,1.00
2014.10.14 22:55:35.882,6.58037,6.58347,2.05,1.00
2014.10.14 22:55:35.933,6.58037,6.58347,1.30,1.00
2014.10.14 22:55:36.974,6.58037,6.58348,1.30,1.00
2014.10.14 22:55:38.597,6.58037,6.58348,2.05,1.00
2014.10.14 22:55:44.768,6.58042,6.58367,2.01,1.00
2014.10.14 22:55:45.868,6.58042,6.58348,2.01,1.00
2014.10.14 22:55:46.329,6.58059,6.58348,1.30,1.00
2014.10.14 22:55:48.396,6.58059,6.58358,1.30,1.00
2014.10.14 22:55:48.946,6.58059,6.58368,1.30,1.50
2014.10.14 22:55:49.386,6.58059,6.58358,1.30,1.00
2014.10.14 22:55:56.205,6.58059,6.58357,1.30,1.00
2014.10.14 22:55:59.176,6.58059,6.58368,1.30,1.50
2014.10.14 22:56:01.595,6.58059,6.58358,1.30,1.00
2014.10.14 22:56:05.843,6.58056,6.58358,1.30,1.00
2014.10.14 22:56:22.825,6.58056,6.58348,1.30,1.00
2014.10.14 22:56:22.935,6.58056,6.58358,1.30,1.00
2014.10.14 22:56:23.608,6.58056,6.58368,1.30,1.50
2014.10.14 22:56:26.476,6.58036,6.58368,1.30,1.50
2014.10.14 22:56:26.529,6.58034,6.58368,1.30,1.50
2014.10.14 22:56:28.545,6.58034,6.58367,1.30,1.00
2014.10.14 22:56:31.588,6.58034,6.58367,2.05,1.00
2014.10.14 22:56:32.616,6.58034,6.58358,2.05,1.00
2014.10.14 22:56:33.825,6.58034,6.58357,2.05,1.00
2014.10.14 22:56:38.005,6.58034,6.58337,2.05,1.00
2014.10.14 22:57:02.754,6.58031,6.58318,2.05,1.00
2014.10.14 22:57:02.973,6.58031,6.58318,1.67,1.00
2014.10.14 22:57:03.079,6.58075,6.58318,1.00,1.00
2014.10.14 22:57:03.341,6.58075,6.58328,1.00,1.00
2014.10.14 22:57:27.285,6.58075,6.58318,1.00,1.00
2014.10.14 22:57:38.394,6.58075,6.58308,1.00,1.00
2014.10.14 22:57:40.044,6.58075,6.58298,1.00,1.00
2014.10.14 22:57:42.817,6.58075,6.58297,1.00,1.00
2014.10.14 22:57:43.008,6.58055,6.58297,1.00,1.00
2014.10.14 22:57:43.248,6.58055,6.58287,1.00,1.00
2014.10.14 22:57:43.564,6.58074,6.58298,1.00,1.00
2014.10.14 22:57:47.756,6.58074,6.58288,1.00,1.00
2014.10.14 22:57:48.983,6.58074,6.58287,1.00,1.00
2014.10.14 22:57:52.287,6.58074,6.58308,1.00,1.00
2014.10.14 22:58:08.093,6.58074,6.58318,1.00,1.00
2014.10.14 22:58:14.913,6.58074,6.58308,1.00,1.00
2014.10.14 22:58:16.500,6.58074,6.58297,1.00,1.00
2014.10.14 22:58:16.935,6.58074,6.58288,1.00,1.00
2014.10.14 22:58:17.183,6.58074,6.58298,1.00,1.00
2014.10.14 22:58:17.333,6.58074,6.58288,1.00,1.00
2014.10.14 22:58:22.062,6.58074,6.58298,1.00,1.00
2014.10.14 22:58:25.252,6.58074,6.58288,1.00,1.00
2014.10.14 22:58:30.973,6.58074,6.58277,1.00,1.00
2014.10.14 22:58:34.603,6.58074,6.58288,1.00,1.00
2014.10.14 22:58:35.042,6.58074,6.58278,1.00,1.00
2014.10.14 22:58:40.542,6.58074,6.58268,1.00,1.00
2014.10.14 22:58:41.637,6.58055,6.58268,1.00,1.00
2014.10.14 22:58:43.073,6.58055,6.58248,1.00,1.00
2014.10.14 22:58:44.842,6.58032,6.58238,1.00,1.00
2014.10.14 22:58:45.273,6.58032,6.58277,1.00,1.00
2014.10.14 22:58:45.932,6.58032,6.58258,1.00,1.00
2014.10.14 22:58:46.153,6.58032,6.58267,1.00,1.00
2014.10.14 22:58:52.972,6.58032,6.58238,1.00,1.00
2014.10.14 22:58:56.382,6.58032,6.58228,1.00,1.00
2014.10.14 22:58:59.681,6.58032,6.58238,1.00,1.00
2014.10.14 22:59:13.432,6.58032,6.58228,1.00,1.00
2014.10.14 22:59:18.382,6.58032,6.58238,1.00,1.00
2014.10.14 22:59:23.809,6.58032,6.58248,1.00,1.00
2014.10.14 22:59:33.928,6.58032,6.58258,1.00,1.00
2014.10.14 22:59:34.029,6.58045,6.58258,1.00,1.00
2014.10.14 22:59:34.440,6.58051,6.58248,1.00,1.00
2014.10.14 22:59:35.264,6.58051,6.58247,1.00,1.00
2014.10.14 22:59:35.651,6.58051,6.58238,1.00,1.00
2014.10.14 22:59:49.511,6.58051,6.58248,1.00,1.00
2014.10.14 22:59:55.712,6.58051,6.58258,1.00,1.00
2014.10.14 22:59:55.814,6.58051,6.58277,1.00,1.00
2014.10.14 22:59:56.371,6.58051,6.58288,1.00,1.00
2014.10.14 22:59:56.472,6.58051,6.58278,1.00,1.00
