2014.06.23 02:00:01.041,6.12932,6.13167,1.00,1.20
2014.06.23 02:00:01.154,6.12923,6.13167,1.00,1.20
2014.06.23 02:00:01.255,6.12942,6.13167,1.00,1.20
2014.06.23 02:00:01.346,6.12922,6.13167,1.00,1.20
2014.06.23 02:00:01.454,6.12942,6.13167,1.00,1.20
2014.06.23 02:00:05.791,6.12942,6.13188,1.00,2.03
2014.06.23 02:00:42.454,6.12912,6.13188,1.00,2.03
2014.06.23 02:00:42.708,6.12922,6.13188,1.00,2.03
2014.06.23 02:00:46.251,6.12922,6.13171,1.00,1.20
2014.06.23 02:00:46.548,6.12892,6.13171,1.30,1.20
2014.06.23 02:00:46.598,6.12892,6.13165,1.30,1.00
2014.06.23 02:00:46.901,6.12902,6.13148,1.10,2.03
2014.06.23 02:01:03.362,6.12912,6.13171,1.00,1.20
2014.06.23 02:01:06.245,6.12912,6.1317,1.00,1.20
2014.06.23 02:01:09.174,6.12942,6.1317,1.00,1.20
2014.06.23 02:01:09.427,6.12933,6.1317,1.00,1.20
2014.06.23 02:01:09.938,6.12932,6.1317,1.00,1.20
2014.06.23 02:01:26.350,6.12932,6.13188,1.00,2.03
2014.06.23 02:01:38.925,6.12902,6.13188,1.10,2.03
2014.06.23 02:01:43.436,6.12912,6.13188,1.00,2.03
2014.06.23 02:01:43.943,6.12882,6.13188,1.32,2.03
2014.06.23 02:01:46.386,6.12882,6.13172,1.39,1.20
2014.06.23 02:02:06.540,6.12902,6.13161,1.10,1.20
2014.06.23 02:02:26.424,6.12902,6.13167,1.10,1.20
2014.06.23 02:02:46.479,6.12893,6.13166,1.08,1.20
2014.06.23 02:03:16.948,6.12912,6.13166,1.00,1.20
2014.06.23 02:03:17.389,6.12902,6.13166,1.10,1.20
2014.06.23 02:03:17.503,6.12932,6.13166,1.00,1.20
2014.06.23 02:03:17.833,6.12912,6.13166,1.00,1.20
2014.06.23 02:03:17.945,6.12943,6.13166,1.00,1.20
2014.06.23 02:03:20.063,6.12952,6.13166,1.00,1.20
2014.06.23 02:03:20.164,6.12932,6.13166,1.00,1.20
2014.06.23 02:03:21.130,6.12943,6.13166,1.00,1.20
2014.06.23 02:03:21.790,6.12922,6.13166,1.00,1.20
2014.06.23 02:03:25.749,6.12942,6.13166,1.00,1.20
2014.06.23 02:03:27.071,6.12942,6.13189,1.00,1.20
2014.06.23 02:03:28.280,6.12922,6.13189,1.00,1.20
2014.06.23 02:03:28.508,6.12912,6.13189,1.00,1.20
2014.06.23 02:03:28.660,6.12922,6.13189,1.00,1.20
2014.06.23 02:03:35.869,6.12912,6.13189,1.00,1.20
2014.06.23 02:03:46.828,6.12922,6.13189,1.00,1.20
2014.06.23 02:03:47.266,6.12922,6.13186,1.00,1.20
2014.06.23 02:03:50.897,6.12913,6.13186,1.00,1.20
2014.06.23 02:04:07.229,6.12913,6.13185,1.00,1.20
2014.06.23 02:04:20.966,6.12902,6.13185,1.08,1.20
2014.06.23 02:04:21.632,6.12892,6.13185,1.37,1.20
2014.06.23 02:04:23.486,6.12903,6.13185,1.00,1.20
2014.06.23 02:04:27.583,6.12903,6.1318,1.10,1.20
2014.06.23 02:04:27.960,6.12903,6.13159,1.10,1.20
2014.06.23 02:04:28.887,6.12852,6.13137,1.73,2.03
2014.06.23 02:04:29.090,6.12883,6.13159,1.42,1.20
2014.06.23 02:04:47.983,6.12902,6.13166,1.08,1.20
2014.06.23 02:05:06.072,6.12912,6.13166,1.00,1.20
2014.06.23 02:05:07.205,6.12902,6.13166,1.08,1.20
2014.06.23 02:05:07.503,6.12922,6.13166,1.00,1.20
2014.06.23 02:05:07.752,6.12913,6.13166,1.00,1.20
2014.06.23 02:05:08.038,6.12913,6.13168,1.00,1.20
2014.06.23 02:05:16.208,6.12932,6.13168,1.00,1.20
2014.06.23 02:05:16.517,6.12922,6.13168,1.00,1.20
2014.06.23 02:05:28.172,6.12922,6.13186,1.00,1.20
2014.06.23 02:05:48.537,6.12922,6.13188,1.00,1.20
2014.06.23 02:05:52.188,6.12942,6.13188,1.00,1.20
2014.06.23 02:06:08.851,6.12942,6.13201,1.00,1.20
2014.06.23 02:06:12.158,6.12932,6.13201,1.00,1.20
2014.06.23 02:06:29.227,6.12932,6.13194,1.00,1.20
2014.06.23 02:06:36.790,6.12912,6.13194,1.00,1.20
2014.06.23 02:06:37.667,6.12932,6.13194,1.00,1.20
2014.06.23 02:06:44.709,6.12912,6.13194,1.00,1.20
2014.06.23 02:06:47.899,6.12932,6.13194,1.00,1.20
2014.06.23 02:06:49.231,6.12932,6.13191,1.00,1.20
2014.06.23 02:06:51.528,6.12922,6.13191,1.00,1.20
2014.06.23 02:06:51.639,6.12912,6.13191,1.00,1.20
2014.06.23 02:06:52.189,6.12933,6.13191,1.00,1.20
2014.06.23 02:06:54.058,6.12913,6.13191,1.00,1.20
2014.06.23 02:07:09.926,6.12913,6.1319,1.00,1.20
2014.06.23 02:07:23.663,6.12892,6.1319,1.20,1.20
2014.06.23 02:07:29.800,6.12892,6.13187,1.27,1.20
2014.06.23 02:07:30.556,6.12892,6.13167,1.27,1.20
2014.06.23 02:07:50.247,6.12892,6.1317,1.22,1.20
2014.06.23 02:08:09.770,6.12882,6.1317,1.39,1.20
2014.06.23 02:08:10.241,6.12882,6.13152,1.39,1.20
2014.06.23 02:08:29.860,6.12892,6.13152,1.22,1.20
2014.06.23 02:08:30.456,6.12892,6.13161,1.22,1.20
2014.06.23 02:08:50.625,6.12892,6.13156,1.32,1.20
2014.06.23 02:09:10.532,6.12902,6.13156,1.08,1.20
2014.06.23 02:09:10.964,6.12902,6.13165,1.08,1.20
2014.06.23 02:09:30.836,6.12902,6.13165,1.10,1.20
2014.06.23 02:09:31.199,6.12902,6.13167,1.10,1.20
2014.06.23 02:09:50.894,6.12902,6.13167,1.08,1.20
2014.06.23 02:09:51.884,6.12902,6.13168,1.08,1.20
2014.06.23 02:10:11.076,6.12902,6.13168,1.10,1.20
2014.06.23 02:10:12.232,6.12902,6.13162,1.10,1.20
2014.06.23 02:10:32.157,6.12902,6.13169,1.10,1.20
2014.06.23 02:10:52.243,6.12902,6.13156,1.10,1.20
2014.06.23 02:11:30.659,6.12913,6.13156,1.00,1.20
2014.06.23 02:11:34.211,6.12913,6.13176,1.00,1.20
2014.06.23 02:11:34.262,6.12913,6.13182,1.00,1.20
2014.06.23 02:11:54.276,6.12913,6.1318,1.00,1.20
2014.06.23 02:12:10.551,6.12912,6.1318,1.00,1.20
2014.06.23 02:12:14.770,6.12912,6.13171,1.00,1.20
2014.06.23 02:12:26.621,6.12892,6.13171,1.00,1.20
2014.06.23 02:12:28.947,6.12892,6.13171,1.31,1.20
2014.06.23 02:12:29.248,6.12913,6.13171,1.00,1.20
2014.06.23 02:12:35.165,6.12913,6.13181,1.00,1.00
2014.06.23 02:12:39.524,6.12912,6.13181,1.00,1.00
2014.06.23 02:12:41.662,6.12922,6.13181,1.00,1.00
2014.06.23 02:12:46.130,6.12922,6.13184,1.00,1.20
2014.06.23 02:12:56.300,6.12922,6.13194,1.00,1.00
2014.06.23 02:13:11.423,6.12932,6.13194,1.00,1.00
2014.06.23 02:13:46.239,6.12932,6.13209,1.00,1.20
2014.06.23 02:14:12.899,6.12923,6.13209,1.00,1.20
2014.06.23 02:14:28.238,6.12913,6.13209,1.00,1.20
2014.06.23 02:14:38.214,6.12913,6.13201,1.00,1.20
2014.06.23 02:14:58.329,6.12913,6.13204,1.00,1.20
2014.06.23 02:15:19.145,6.12913,6.13206,1.00,1.20
2014.06.23 02:15:28.365,6.12862,6.13206,1.12,1.20
2014.06.23 02:15:32.858,6.12912,6.13206,1.00,1.20
2014.06.23 02:15:39.291,6.12912,6.13208,1.00,1.20
2014.06.23 02:16:00.326,6.12912,6.13202,1.00,1.20
2014.06.23 02:16:20.541,6.12912,6.13205,1.00,1.20
2014.06.23 02:16:26.860,6.12923,6.13205,1.00,1.20
2014.06.23 02:16:41.254,6.12923,6.1321,1.00,1.20
2014.06.23 02:17:01.650,6.12923,6.13205,1.00,1.20
2014.06.23 02:17:06.785,6.12922,6.13205,1.00,1.20
2014.06.23 02:17:46.804,6.12923,6.13205,1.00,1.20
2014.06.23 02:18:04.123,6.12923,6.13196,1.00,1.20
2014.06.23 02:18:24.168,6.12923,6.13189,1.00,1.20
2014.06.23 02:18:26.844,6.12922,6.13189,1.00,1.20
2014.06.23 02:18:36.645,6.12902,6.13189,1.00,1.20
2014.06.23 02:18:36.748,6.12922,6.13189,1.00,1.20
2014.06.23 02:18:56.205,6.12902,6.13189,1.00,1.20
2014.06.23 02:19:01.302,6.12902,6.13126,1.00,1.20
2014.06.23 02:19:01.788,6.12923,6.13126,1.00,1.20
2014.06.23 02:19:02.092,6.12932,6.13124,1.00,1.00
2014.06.23 02:19:02.194,6.12912,6.13124,1.00,1.00
2014.06.23 02:19:02.718,6.12912,6.13093,1.00,1.00
2014.06.23 02:19:03.685,6.12892,6.13093,1.00,1.00
2014.06.23 02:19:05.356,6.12892,6.13069,1.00,1.00
2014.06.23 02:19:05.663,6.12912,6.13069,1.00,1.00
2014.06.23 02:19:06.003,6.12912,6.13044,1.00,1.00
2014.06.23 02:19:06.104,6.12902,6.13044,1.00,1.00
2014.06.23 02:19:17.595,6.12902,6.13074,1.00,1.00
2014.06.23 02:19:17.696,6.12902,6.13126,1.00,1.20
2014.06.23 02:19:17.952,6.12893,6.13126,1.00,1.20
2014.06.23 02:19:18.594,6.12902,6.13126,1.00,1.20
2014.06.23 02:19:18.925,6.12892,6.13126,1.00,1.20
2014.06.23 02:19:19.234,6.12892,6.13176,1.00,1.00
2014.06.23 02:19:31.741,6.12892,6.13169,1.00,1.00
2014.06.23 02:19:32.099,6.12892,6.13144,1.00,1.00
2014.06.23 02:19:34.161,6.12892,6.13123,1.00,1.00
2014.06.23 02:19:34.652,6.12902,6.13123,1.00,1.00
2014.06.23 02:19:35.171,6.12912,6.13094,1.00,1.00
2014.06.23 02:19:36.260,6.12912,6.13144,1.00,1.00
2014.06.23 02:19:36.411,6.12902,6.13168,1.00,2.03
2014.06.23 02:19:36.632,6.12892,6.13168,1.00,2.03
2014.06.23 02:19:36.760,6.12892,6.13176,1.00,1.00
2014.06.23 02:19:39.158,6.12892,6.1316,1.00,1.20
2014.06.23 02:20:00.223,6.12892,6.13161,1.00,1.20
2014.06.23 02:20:11.232,6.12892,6.13153,1.00,1.00
2014.06.23 02:20:33.012,6.12892,6.13165,1.00,1.20
2014.06.23 02:20:38.333,6.12902,6.13165,1.00,1.20
2014.06.23 02:20:41.195,6.12902,6.13158,1.00,1.20
2014.06.23 02:21:01.412,6.12902,6.13161,1.00,1.20
2014.06.23 02:21:07.152,6.12893,6.13161,1.00,1.20
2014.06.23 02:21:22.034,6.12893,6.13159,1.00,1.20
2014.06.23 02:21:42.219,6.12893,6.13161,1.00,1.20
2014.06.23 02:21:47.070,6.12892,6.13161,1.00,1.20
2014.06.23 02:22:02.224,6.12892,6.13167,1.00,1.20
2014.06.23 02:22:22.748,6.12892,6.13162,1.00,1.20
2014.06.23 02:22:35.277,6.12882,6.13162,1.00,1.20
2014.06.23 02:22:35.379,6.12872,6.13162,1.00,1.20
2014.06.23 02:22:35.480,6.12842,6.13162,1.00,1.20
2014.06.23 02:22:36.270,6.12872,6.13162,1.00,1.20
2014.06.23 02:22:42.868,6.12872,6.13142,1.00,1.20
2014.06.23 02:22:58.381,6.12862,6.13142,1.00,1.20
2014.06.23 02:23:03.278,6.12862,6.13165,1.00,1.20
2014.06.23 02:23:04.100,6.12852,6.13165,1.00,1.20
2014.06.23 02:23:04.421,6.12863,6.13165,1.00,1.20
2014.06.23 02:23:09.760,6.12863,6.13162,1.00,1.00
2014.06.23 02:23:09.810,6.12843,6.13162,1.00,1.00
2014.06.23 02:23:09.871,6.12833,6.13162,1.00,1.00
2014.06.23 02:23:09.972,6.12842,6.13162,2.03,1.00
2014.06.23 02:23:16.329,6.12842,6.13126,2.03,1.20
2014.06.23 02:23:16.532,6.12803,6.13106,2.78,1.20
2014.06.23 02:23:19.533,6.12803,6.1305,2.03,1.20
2014.06.23 02:23:19.634,6.12762,6.1305,2.03,1.20
2014.06.23 02:23:20.351,6.12772,6.1305,1.00,1.20
2014.06.23 02:23:21.309,6.12762,6.12998,2.03,1.00
2014.06.23 02:23:21.612,6.12742,6.12928,1.00,2.03
2014.06.23 02:23:23.009,6.12742,6.12911,1.00,1.00
2014.06.23 02:23:23.732,6.12742,6.12886,1.00,1.00
2014.06.23 02:23:23.985,6.12692,6.12877,1.00,2.03
2014.06.23 02:23:24.280,6.12692,6.12866,1.00,1.00
2014.06.23 02:23:25.049,6.12692,6.12844,1.00,1.00
2014.06.23 02:23:25.629,6.12692,6.12817,1.00,1.00
2014.06.23 02:23:26.285,6.12692,6.12877,1.00,2.03
2014.06.23 02:23:26.336,6.12712,6.12877,1.00,2.03
2014.06.23 02:23:26.739,6.12712,6.1284,1.00,1.00
2014.06.23 02:23:27.055,6.12712,6.12877,1.00,2.03
2014.06.23 02:23:33.390,6.12742,6.12877,1.00,2.03
2014.06.23 02:23:36.089,6.12712,6.12877,1.00,2.03
2014.06.23 02:23:36.356,6.12742,6.12877,1.00,2.03
2014.06.23 02:23:36.928,6.12742,6.12861,1.00,1.00
2014.06.23 02:23:40.267,6.12712,6.12861,1.00,1.00
2014.06.23 02:23:41.010,6.12712,6.12862,1.00,1.00
2014.06.23 02:23:41.061,6.12693,6.12862,1.00,1.00
2014.06.23 02:23:41.114,6.12693,6.12867,1.00,1.50
2014.06.23 02:23:41.165,6.12642,6.12818,1.00,2.03
2014.06.23 02:23:41.863,6.12662,6.12818,1.00,2.03
2014.06.23 02:23:42.448,6.12672,6.12811,1.00,1.00
2014.06.23 02:23:43.456,6.12672,6.12772,1.00,1.00
2014.06.23 02:23:44.670,6.12672,6.12818,1.00,2.03
2014.06.23 02:23:47.341,6.12682,6.12818,1.00,2.03
2014.06.23 02:23:47.728,6.12712,6.12852,1.00,1.20
2014.06.23 02:23:49.603,6.12712,6.12817,1.00,1.00
2014.06.23 02:23:54.258,6.12692,6.12817,1.00,1.00
2014.06.23 02:23:56.668,6.12682,6.12817,1.00,1.00
2014.06.23 02:24:01.189,6.12693,6.12817,1.00,1.00
2014.06.23 02:24:01.290,6.12693,6.12852,1.00,1.20
2014.06.23 02:24:01.376,6.12693,6.12858,1.00,2.03
2014.06.23 02:24:03.711,6.12712,6.12858,1.00,2.03
2014.06.23 02:24:06.348,6.12703,6.12858,1.00,2.03
2014.06.23 02:24:08.000,6.12682,6.12858,1.00,2.03
2014.06.23 02:24:15.805,6.12672,6.12853,1.00,1.00
2014.06.23 02:24:16.455,6.12672,6.12816,1.00,1.00
2014.06.23 02:24:17.077,6.12682,6.12816,1.00,1.00
2014.06.23 02:24:25.146,6.12672,6.12816,1.00,1.00
2014.06.23 02:25:10.418,6.12693,6.12816,1.00,1.00
2014.06.23 02:25:10.527,6.12672,6.12816,1.00,1.00
2014.06.23 02:25:13.608,6.12692,6.12816,1.00,1.00
2014.06.23 02:25:17.196,6.12692,6.12897,1.00,1.20
2014.06.23 02:25:18.887,6.12702,6.12897,1.00,1.20
2014.06.23 02:25:18.999,6.12673,6.12897,1.00,1.20
2014.06.23 02:25:19.552,6.12682,6.12897,1.00,1.20
2014.06.23 02:25:19.866,6.12703,6.12839,1.00,1.00
2014.06.23 02:25:19.917,6.12682,6.12839,1.00,1.00
2014.06.23 02:25:21.152,6.12682,6.1284,1.00,1.00
2014.06.23 02:25:27.286,6.12682,6.12898,1.00,2.03
2014.06.23 02:25:27.469,6.12672,6.12898,1.00,2.03
2014.06.23 02:25:27.676,6.12672,6.12817,1.00,1.00
2014.06.23 02:25:29.026,6.12643,6.12817,1.00,1.00
2014.06.23 02:25:29.108,6.12672,6.12817,1.00,1.00
2014.06.23 02:25:31.455,6.12643,6.12817,1.00,1.00
2014.06.23 02:25:32.946,6.12672,6.12817,1.00,1.00
2014.06.23 02:25:36.835,6.12652,6.12817,1.00,1.00
2014.06.23 02:25:54.855,6.12622,6.12817,1.00,1.00
2014.06.23 02:26:02.147,6.12592,6.12817,1.00,1.00
2014.06.23 02:26:02.198,6.12592,6.12802,1.00,1.00
2014.06.23 02:26:02.349,6.12572,6.12802,1.00,1.00
2014.06.23 02:26:02.555,6.12563,6.12802,1.00,1.00
2014.06.23 02:26:03.152,6.12549,6.12766,1.00,1.00
2014.06.23 02:26:03.254,6.12553,6.1279,1.00,1.00
2014.06.23 02:26:03.456,6.12542,6.1279,1.00,1.00
2014.06.23 02:26:03.557,6.12532,6.12788,1.00,1.00
2014.06.23 02:26:04.383,6.12532,6.12743,1.00,1.00
2014.06.23 02:26:06.746,6.12526,6.12743,1.00,1.00
2014.06.23 02:26:06.797,6.12522,6.12739,1.00,1.00
2014.06.23 02:26:21.275,6.12508,6.12739,1.00,1.00
2014.06.23 02:26:21.326,6.12503,6.12739,1.00,1.00
2014.06.23 02:26:24.913,6.12522,6.12716,1.00,1.00
2014.06.23 02:26:29.003,6.12492,6.12716,1.00,1.00
2014.06.23 02:26:29.105,6.12512,6.12717,1.00,1.00
2014.06.23 02:26:29.206,6.12492,6.12698,1.00,1.00
2014.06.23 02:26:29.307,6.12492,6.12693,1.00,1.00
2014.06.23 02:26:29.937,6.12492,6.12698,1.00,1.00
2014.06.23 02:26:33.943,6.12502,6.12698,1.00,1.00
2014.06.23 02:26:35.446,6.12522,6.12698,1.00,1.00
2014.06.23 02:26:35.554,6.12512,6.12698,1.00,1.00
2014.06.23 02:26:35.657,6.12512,6.12721,1.00,1.00
2014.06.23 02:26:36.687,6.12504,6.12721,1.00,1.00
2014.06.23 02:26:36.889,6.12502,6.12719,1.00,1.00
2014.06.23 02:26:37.208,6.12492,6.12694,1.00,1.00
2014.06.23 02:26:39.176,6.12492,6.12676,1.00,1.00
2014.06.23 02:26:39.429,6.12493,6.12698,1.00,1.00
2014.06.23 02:26:40.542,6.12472,6.12694,1.00,1.00
2014.06.23 02:26:41.970,6.12462,6.12693,1.00,1.00
2014.06.23 02:26:42.071,6.12453,6.12687,1.00,1.00
2014.06.23 02:26:42.173,6.12443,6.12687,1.00,1.00
2014.06.23 02:26:42.376,6.12443,6.1268,1.00,1.00
2014.06.23 02:26:42.633,6.12432,6.1268,1.00,1.00
2014.06.23 02:26:42.735,6.12442,6.1268,1.00,1.00
2014.06.23 02:26:43.088,6.12442,6.12653,1.00,1.00
2014.06.23 02:26:43.472,6.12442,6.12671,1.00,1.00
2014.06.23 02:26:43.523,6.12453,6.12671,1.00,1.00
2014.06.23 02:26:44.405,6.12472,6.12671,1.00,1.00
2014.06.23 02:26:44.456,6.12472,6.12676,1.00,1.00
2014.06.23 02:26:44.759,6.12462,6.12676,1.00,1.00
2014.06.23 02:26:59.475,6.12492,6.12676,1.00,1.00
2014.06.23 02:26:59.781,6.12462,6.12676,1.00,1.00
2014.06.23 02:27:03.853,6.12492,6.12676,1.00,1.00
2014.06.23 02:27:04.843,6.12482,6.12676,1.00,1.00
2014.06.23 02:27:12.644,6.12503,6.12676,1.00,1.00
2014.06.23 02:27:15.064,6.12492,6.12676,1.00,1.00
2014.06.23 02:27:15.394,6.12502,6.12676,1.00,1.00
2014.06.23 02:27:15.554,6.12502,6.12699,1.00,1.00
2014.06.23 02:27:15.777,6.12502,6.12742,1.00,1.00
2014.06.23 02:27:16.289,6.12502,6.12716,1.00,1.00
2014.06.23 02:27:21.993,6.12492,6.12716,1.00,1.00
2014.06.23 02:27:22.246,6.12483,6.12693,1.00,1.00
2014.06.23 02:27:22.559,6.12503,6.12698,1.00,1.00
2014.06.23 02:27:28.261,6.12502,6.12698,1.00,1.00
2014.06.23 02:27:28.564,6.12502,6.12693,1.00,1.00
2014.06.23 02:27:28.794,6.12502,6.12698,1.00,1.00
2014.06.23 02:27:29.015,6.12502,6.12716,1.00,1.00
2014.06.23 02:27:29.167,6.12532,6.12716,1.00,1.00
2014.06.23 02:27:49.473,6.12502,6.12716,1.00,1.00
2014.06.23 02:27:52.113,6.12533,6.12716,1.00,1.00
2014.06.23 02:27:53.541,6.12532,6.12716,1.00,1.00
2014.06.23 02:27:53.653,6.12512,6.12716,1.00,1.00
2014.06.23 02:27:53.813,6.12513,6.12698,1.00,1.00
2014.06.23 02:27:54.135,6.12522,6.12698,1.00,1.00
2014.06.23 02:27:58.425,6.12532,6.12698,1.00,1.00
2014.06.23 02:27:58.604,6.12532,6.12716,1.00,1.00
2014.06.23 02:27:59.064,6.12533,6.12721,1.00,1.00
2014.06.23 02:28:00.941,6.12552,6.12721,1.00,1.00
2014.06.23 02:28:01.492,6.12532,6.12721,1.00,1.00
2014.06.23 02:28:15.254,6.12552,6.12721,1.00,1.00
2014.06.23 02:28:15.356,6.12552,6.12765,1.00,1.00
2014.06.23 02:28:15.457,6.12552,6.12743,1.00,1.00
2014.06.23 02:28:18.224,6.12533,6.12739,1.00,1.00
2014.06.23 02:28:20.273,6.12533,6.12721,1.00,1.00
2014.06.23 02:28:20.375,6.12523,6.12721,1.00,1.00
2014.06.23 02:28:20.462,6.12542,6.12721,1.00,1.00
2014.06.23 02:28:44.328,6.12543,6.12721,1.00,1.00
2014.06.23 02:29:00.644,6.12552,6.12743,1.00,1.00
2014.06.23 02:29:01.091,6.12582,6.12796,1.00,1.00
2014.06.23 02:29:01.295,6.12582,6.1279,1.00,1.00
2014.06.23 02:29:01.637,6.12582,6.12766,1.00,1.00
2014.06.23 02:29:05.591,6.12592,6.12766,1.00,1.00
2014.06.23 02:29:16.584,6.12592,6.12765,1.00,1.00
2014.06.23 02:29:19.213,6.12602,6.12784,1.00,1.00
2014.06.23 02:29:20.223,6.12593,6.12766,1.00,1.00
2014.06.23 02:29:22.641,6.12602,6.12766,1.00,1.00
2014.06.23 02:29:23.958,6.12612,6.12784,1.00,1.00
2014.06.23 02:29:24.060,6.12602,6.12765,1.00,1.00
2014.06.23 02:29:24.487,6.12613,6.12765,1.00,1.00
2014.06.23 02:29:25.268,6.12622,6.12765,1.00,1.00
2014.06.23 02:29:25.608,6.12612,6.12765,1.00,1.00
2014.06.23 02:29:27.369,6.12632,6.12765,1.00,1.00
2014.06.23 02:29:27.478,6.12632,6.12788,1.00,1.00
2014.06.23 02:29:28.143,6.12612,6.12788,1.00,1.00
2014.06.23 02:29:28.245,6.12612,6.12783,1.00,1.00
2014.06.23 02:29:37.818,6.12622,6.12783,1.00,1.00
2014.06.23 02:29:39.398,6.12623,6.12783,1.00,1.00
2014.06.23 02:29:40.132,6.12622,6.12766,1.00,1.00
2014.06.23 02:29:41.597,6.12612,6.12766,1.00,1.00
2014.06.23 02:29:51.238,6.12612,6.12761,1.00,1.00
2014.06.23 02:29:51.289,6.12592,6.12761,1.00,1.00
2014.06.23 02:29:51.390,6.12612,6.12761,1.00,1.00
2014.06.23 02:29:51.441,6.12612,6.12766,1.00,1.00
2014.06.23 02:29:52.599,6.12603,6.12766,1.00,1.00
2014.06.23 02:29:56.450,6.12592,6.12766,1.00,1.00
2014.06.23 02:29:56.502,6.12592,6.12743,1.00,1.00
2014.06.23 02:29:56.851,6.12603,6.12743,1.00,1.00
2014.06.23 02:29:56.901,6.12592,6.12743,1.00,1.00
2014.06.23 02:29:57.110,6.12602,6.12743,1.00,1.00
2014.06.23 02:30:01.386,6.12612,6.12743,1.00,1.00
2014.06.23 02:30:02.388,6.12602,6.12743,1.00,1.00
2014.06.23 02:30:26.926,6.12592,6.12743,1.00,1.00
2014.06.23 02:30:28.659,6.12573,6.12743,1.00,1.00
2014.06.23 02:30:28.879,6.12592,6.12743,1.00,1.00
2014.06.23 02:30:31.870,6.12583,6.12743,1.00,1.00
2014.06.23 02:30:35.928,6.12592,6.12743,1.00,1.00
2014.06.23 02:30:36.477,6.12593,6.12743,1.00,1.00
2014.06.23 02:30:57.237,6.12593,6.12828,1.00,1.20
2014.06.23 02:31:00.023,6.12582,6.12739,1.00,1.00
2014.06.23 02:31:00.461,6.12572,6.12743,1.00,1.00
2014.06.23 02:31:00.574,6.12582,6.12743,1.00,1.00
2014.06.23 02:31:01.667,6.12573,6.12721,1.00,1.00
2014.06.23 02:31:02.098,6.12562,6.12721,1.00,1.00
2014.06.23 02:31:03.077,6.12572,6.12721,1.00,1.00
2014.06.23 02:31:03.417,6.12552,6.12721,1.00,1.00
2014.06.23 02:31:04.285,6.12572,6.12721,1.00,1.00
2014.06.23 02:31:05.828,6.12582,6.12721,1.00,1.00
2014.06.23 02:31:06.816,6.12562,6.12721,1.00,1.00
2014.06.23 02:31:07.807,6.12572,6.12721,1.00,1.00
2014.06.23 02:31:10.336,6.12582,6.12721,1.00,1.00
2014.06.23 02:31:11.549,6.12572,6.12721,1.00,1.00
2014.06.23 02:31:20.355,6.12552,6.12721,1.00,1.00
2014.06.23 02:31:30.146,6.12573,6.12721,1.00,1.00
2014.06.23 02:31:31.326,6.12582,6.12721,1.00,1.00
2014.06.23 02:31:32.317,6.12572,6.12721,1.00,1.00
2014.06.23 02:32:02.066,6.12572,6.12809,1.00,1.20
2014.06.23 02:32:04.145,6.12552,6.12808,1.00,1.00
2014.06.23 02:32:07.721,6.12552,6.12798,1.00,1.50
2014.06.23 02:32:08.024,6.12532,6.12719,1.00,1.00
2014.06.23 02:32:08.337,6.12532,6.12698,1.00,1.00
2014.06.23 02:32:51.396,6.12512,6.12698,1.00,1.00
2014.06.23 02:32:54.739,6.12513,6.12697,1.00,1.00
2014.06.23 02:32:54.840,6.12492,6.12675,1.00,1.00
2014.06.23 02:32:55.778,6.12512,6.12675,1.00,1.00
2014.06.23 02:33:47.633,6.12502,6.12675,1.00,1.00
2014.06.23 02:33:48.852,6.12462,6.12675,1.00,1.00
2014.06.23 02:33:50.051,6.1246,6.12675,1.00,1.00
2014.06.23 02:33:54.814,6.12452,6.12708,1.00,1.00
2014.06.23 02:34:01.815,6.12432,6.12688,1.00,1.00
2014.06.23 02:34:05.887,6.12453,6.12707,1.00,1.00
2014.06.23 02:34:11.408,6.12442,6.12698,1.00,1.00
2014.06.23 02:34:11.638,6.12452,6.12708,1.00,1.00
2014.06.23 02:34:42.503,6.12432,6.12688,1.00,1.00
2014.06.23 02:35:03.394,6.12442,6.12698,1.00,1.00
2014.06.23 02:35:05.153,6.12453,6.12707,1.00,1.00
2014.06.23 02:35:06.364,6.12422,6.12678,1.00,1.00
2014.06.23 02:35:06.476,6.12452,6.12708,1.00,1.00
2014.06.23 02:35:11.548,6.12452,6.12647,1.00,1.00
2014.06.23 02:35:11.650,6.12452,6.1267,1.00,1.00
2014.06.23 02:35:11.718,6.12452,6.12648,1.00,1.00
2014.06.23 02:35:11.769,6.12422,6.12648,1.00,1.00
2014.06.23 02:35:11.870,6.12448,6.12665,1.00,1.00
2014.06.23 02:35:12.050,6.12422,6.12649,1.00,1.00
2014.06.23 02:35:16.943,6.12442,6.12649,1.00,1.00
2014.06.23 02:35:17.045,6.12442,6.12652,1.00,1.00
2014.06.23 02:35:17.621,6.12452,6.12652,1.00,1.00
2014.06.23 02:35:18.942,6.12443,6.12652,1.00,1.00
2014.06.23 02:35:31.435,6.12443,6.12649,1.00,1.00
2014.06.23 02:35:31.486,6.12422,6.12649,1.00,1.00
2014.06.23 02:35:35.852,6.12418,6.12649,1.00,1.00
2014.06.23 02:35:37.495,6.12422,6.12649,1.00,1.00
2014.06.23 02:35:37.607,6.12418,6.12649,1.00,1.00
2014.06.23 02:35:37.876,6.12422,6.12649,1.00,1.00
2014.06.23 02:35:45.081,6.12432,6.12649,1.00,1.00
2014.06.23 02:35:45.303,6.12423,6.12649,1.00,1.00
2014.06.23 02:35:53.993,6.12418,6.12649,1.00,1.00
2014.06.23 02:35:57.479,6.12414,6.12631,1.00,1.00
2014.06.23 02:36:01.254,6.12432,6.12631,1.00,1.00
2014.06.23 02:36:03.560,6.12422,6.12631,1.00,1.00
2014.06.23 02:36:12.411,6.12442,6.12631,1.00,1.00
2014.06.23 02:36:12.462,6.12442,6.12651,1.00,1.00
2014.06.23 02:36:13.791,6.12463,6.12651,1.00,1.00
2014.06.23 02:36:14.151,6.12452,6.12651,1.00,1.00
2014.06.23 02:36:17.314,6.12434,6.12651,1.00,1.00
2014.06.23 02:36:19.304,6.12442,6.12651,1.00,1.00
2014.06.23 02:36:23.361,6.12434,6.12651,1.00,1.00
2014.06.23 02:36:26.543,6.12413,6.12624,1.00,1.00
2014.06.23 02:36:26.695,6.12403,6.12624,1.00,1.00
2014.06.23 02:36:26.796,6.12402,6.12649,1.00,1.00
2014.06.23 02:36:27.003,6.12402,6.12626,1.00,1.00
2014.06.23 02:36:27.352,6.12412,6.12626,1.00,1.00
2014.06.23 02:36:30.023,6.124,6.12626,1.00,1.00
2014.06.23 02:36:30.175,6.12393,6.12604,1.00,1.00
2014.06.23 02:36:31.242,6.12392,6.12604,1.00,1.00
2014.06.23 02:36:31.791,6.12393,6.12604,1.00,1.00
2014.06.23 02:36:33.330,6.12412,6.12604,1.00,1.00
2014.06.23 02:36:33.880,6.12413,6.12604,1.00,1.00
2014.06.23 02:36:46.272,6.12377,6.12604,1.00,1.00
2014.06.23 02:36:46.323,6.12372,6.12577,1.00,1.00
2014.06.23 02:36:46.626,6.12403,6.12577,1.00,1.00
2014.06.23 02:36:46.676,6.12403,6.12597,1.00,1.00
2014.06.23 02:36:53.883,6.12383,6.12597,1.00,1.00
2014.06.23 02:36:54.136,6.12383,6.12577,1.00,1.00
2014.06.23 02:36:54.637,6.12382,6.12577,1.00,1.00
2014.06.23 02:36:54.950,6.12402,6.12577,1.00,1.00
2014.06.23 02:36:55.263,6.12412,6.12577,1.00,1.00
2014.06.23 02:37:05.636,6.12402,6.12577,1.00,1.00
2014.06.23 02:37:11.991,6.12372,6.12577,1.00,1.00
2014.06.23 02:37:12.092,6.12372,6.12587,1.00,1.00
2014.06.23 02:37:12.143,6.12363,6.12587,1.00,1.00
2014.06.23 02:37:12.345,6.12382,6.12587,1.00,1.00
2014.06.23 02:37:12.650,6.12382,6.12562,1.00,1.00
2014.06.23 02:37:15.932,6.12363,6.12562,1.00,1.00
2014.06.23 02:37:16.468,6.12362,6.12562,1.00,1.00
2014.06.23 02:37:16.701,6.12382,6.12562,1.00,1.00
2014.06.23 02:37:17.692,6.12362,6.12562,1.00,1.00
2014.06.23 02:37:18.244,6.12372,6.12544,1.00,1.00
2014.06.23 02:37:18.346,6.12372,6.1256,1.00,1.00
2014.06.23 02:37:18.447,6.12372,6.12581,1.00,1.00
2014.06.23 02:37:18.549,6.12383,6.12588,1.00,2.03
2014.06.23 02:37:18.852,6.12412,6.126,1.00,1.00
2014.06.23 02:37:19.340,6.12383,6.126,1.00,1.00
2014.06.23 02:37:20.446,6.12383,6.12598,1.00,1.00
2014.06.23 02:37:21.187,6.12365,6.1258,1.00,1.00
2014.06.23 02:37:22.912,6.12365,6.12568,1.00,1.00
2014.06.23 02:37:23.279,6.12365,6.12548,1.00,2.03
2014.06.23 02:37:23.537,6.12383,6.12598,1.00,2.03
2014.06.23 02:37:25.661,6.12392,6.12598,1.00,2.03
2014.06.23 02:37:25.984,6.12383,6.12568,1.00,2.03
2014.06.23 02:37:34.132,6.12353,6.12568,1.00,2.03
2014.06.23 02:37:34.183,6.12353,6.12528,1.00,2.03
2014.06.23 02:37:34.435,6.12372,6.1257,1.00,1.00
2014.06.23 02:37:34.537,6.12353,6.1257,1.00,1.00
2014.06.23 02:37:34.638,6.12362,6.1257,1.00,1.00
2014.06.23 02:37:35.400,6.12353,6.1257,1.50,1.00
2014.06.23 02:37:44.402,6.12372,6.1257,1.00,1.00
2014.06.23 02:37:44.533,6.12362,6.1257,1.00,1.00
2014.06.23 02:37:44.869,6.12353,6.1257,1.50,1.00
2014.06.23 02:37:44.977,6.12362,6.1257,1.00,1.00
2014.06.23 02:37:45.521,6.12373,6.1257,1.00,1.00
2014.06.23 02:37:46.410,6.12362,6.1257,1.00,1.00
2014.06.23 02:37:51.209,6.12382,6.1257,1.00,1.00
2014.06.23 02:37:51.486,6.12382,6.12588,1.00,1.00
2014.06.23 02:37:51.587,6.12373,6.12588,1.50,1.00
2014.06.23 02:37:53.841,6.12383,6.12588,1.00,1.00
2014.06.23 02:38:02.858,6.12393,6.12588,1.00,1.00
2014.06.23 02:38:03.173,6.12382,6.12567,1.00,2.03
2014.06.23 02:38:06.270,6.12402,6.12567,1.00,2.03
2014.06.23 02:38:10.340,6.12382,6.12567,1.00,2.03
2014.06.23 02:38:12.870,6.12402,6.12567,1.00,2.03
2014.06.23 02:38:17.379,6.12383,6.12567,1.00,2.03
2014.06.23 02:38:29.688,6.12402,6.12567,1.00,2.03
2014.06.23 02:38:29.935,6.12382,6.12567,1.00,2.03
2014.06.23 02:38:30.190,6.12382,6.12569,1.00,1.00
2014.06.23 02:38:30.241,6.12373,6.12569,1.00,1.00
2014.06.23 02:38:30.292,6.12373,6.12548,1.00,2.78
2014.06.23 02:38:30.617,6.12382,6.12567,1.00,1.00
2014.06.23 02:38:32.038,6.12403,6.12567,1.00,1.00
2014.06.23 02:38:36.742,6.12383,6.12567,1.00,1.00
2014.06.23 02:38:36.948,6.12392,6.12567,1.00,1.00
2014.06.23 02:38:37.100,6.12383,6.12567,1.00,1.00
2014.06.23 02:38:37.390,6.12402,6.12567,1.00,1.00
2014.06.23 02:38:39.615,6.12392,6.12567,1.00,1.00
2014.06.23 02:38:41.627,6.12402,6.12567,1.00,1.00
2014.06.23 02:38:44.058,6.12382,6.12567,1.00,1.00
2014.06.23 02:38:44.778,6.12402,6.12567,1.00,1.00
2014.06.23 02:38:53.168,6.12392,6.12542,1.00,1.00
2014.06.23 02:38:53.502,6.12402,6.12542,1.00,1.00
2014.06.23 02:38:54.349,6.12383,6.12542,1.00,1.00
2014.06.23 02:38:56.483,6.12392,6.12542,1.00,1.00
2014.06.23 02:39:03.846,6.12383,6.12542,1.00,1.00
2014.06.23 02:39:06.774,6.12372,6.12542,1.00,1.00
2014.06.23 02:39:06.875,6.12352,6.12542,1.00,1.00
2014.06.23 02:39:34.377,6.12383,6.12542,1.00,1.00
2014.06.23 02:39:43.168,6.12402,6.12542,1.00,1.00
2014.06.23 02:39:47.566,6.12393,6.12542,1.00,1.00
2014.06.23 02:39:47.719,6.12402,6.12542,1.00,1.00
2014.06.23 02:39:53.984,6.12402,6.12627,1.00,2.03
2014.06.23 02:39:54.255,6.12382,6.12627,1.00,2.03
2014.06.23 02:39:56.456,6.12402,6.12627,1.00,2.03
2014.06.23 02:40:03.841,6.12392,6.12627,1.00,2.03
2014.06.23 02:40:03.942,6.12392,6.12608,1.00,2.03
2014.06.23 02:40:04.905,6.12392,6.12568,1.00,2.03
2014.06.23 02:40:05.037,6.12382,6.12568,1.00,2.03
2014.06.23 02:40:06.690,6.12362,6.12568,1.00,2.03
2014.06.23 02:40:10.286,6.12362,6.12602,1.00,1.20
2014.06.23 02:40:10.337,6.12372,6.12602,1.00,1.20
2014.06.23 02:40:10.686,6.12382,6.12602,1.00,1.20
2014.06.23 02:40:11.087,6.12372,6.12602,1.00,1.20
2014.06.23 02:40:23.957,6.12383,6.12602,1.00,1.20
2014.06.23 02:40:27.939,6.12402,6.12608,1.00,2.03
2014.06.23 02:40:28.472,6.12402,6.12561,1.00,1.00
2014.06.23 02:40:32.537,6.12372,6.12561,1.00,1.00
2014.06.23 02:40:32.869,6.12402,6.12561,1.00,1.00
2014.06.23 02:40:33.199,6.12372,6.12561,1.00,1.00
2014.06.23 02:40:33.309,6.12402,6.12561,1.00,1.00
2014.06.23 02:40:33.639,6.12373,6.12561,1.00,1.00
2014.06.23 02:40:33.749,6.12402,6.12561,1.00,1.00
2014.06.23 02:40:36.739,6.12382,6.12561,1.00,1.00
2014.06.23 02:40:45.536,6.12402,6.12561,1.00,1.00
2014.06.23 02:40:49.166,6.12362,6.12561,1.00,1.00
2014.06.23 02:40:54.089,6.12383,6.12561,1.00,1.00
2014.06.23 02:41:03.596,6.12372,6.12561,1.00,1.00
2014.06.23 02:41:09.046,6.12393,6.12561,1.00,1.00
2014.06.23 02:41:29.147,6.12393,6.12647,1.00,1.65
2014.06.23 02:41:30.395,6.12413,6.12647,1.00,1.20
2014.06.23 02:41:30.698,6.12412,6.12698,1.00,1.00
2014.06.23 02:41:44.056,6.12398,6.12678,1.00,1.00
2014.06.23 02:41:44.566,6.12422,6.12688,1.00,1.00
2014.06.23 02:41:45.115,6.12432,6.12702,1.00,1.20
2014.06.23 02:41:45.555,6.12422,6.12702,1.00,1.20
2014.06.23 02:41:51.254,6.12422,6.12708,1.00,1.50
2014.06.23 02:41:53.154,6.12432,6.12708,1.00,1.50
2014.06.23 02:42:01.286,6.12442,6.12708,1.00,1.00
2014.06.23 02:42:02.587,6.12442,6.12669,1.00,1.00
2014.06.23 02:42:02.927,6.12442,6.12643,1.00,1.00
2014.06.23 02:42:05.994,6.12442,6.12692,1.00,1.00
2014.06.23 02:42:34.903,6.12452,6.12692,1.00,1.00
2014.06.23 02:42:35.313,6.12442,6.12692,1.00,1.00
2014.06.23 02:42:35.502,6.12442,6.12725,1.00,1.00
2014.06.23 02:42:35.976,6.12463,6.12725,1.00,1.00
2014.06.23 02:42:52.254,6.12453,6.12725,1.00,1.00
2014.06.23 02:42:52.405,6.12472,6.12725,1.00,1.00
2014.06.23 02:43:17.555,6.12452,6.12725,1.00,1.00
2014.06.23 02:43:18.363,6.12463,6.12725,1.00,1.00
2014.06.23 02:43:18.446,6.12452,6.12725,1.00,1.00
2014.06.23 02:43:19.544,6.12462,6.12725,1.00,1.00
2014.06.23 02:43:19.802,6.12452,6.12725,1.00,1.00
2014.06.23 02:43:20.345,6.12462,6.12725,1.00,1.00
2014.06.23 02:43:20.573,6.12452,6.12725,1.00,1.00
2014.06.23 02:43:21.533,6.12442,6.12725,1.00,1.00
2014.06.23 02:43:21.742,6.12463,6.12725,1.00,1.00
2014.06.23 02:43:25.606,6.12423,6.12725,1.00,1.00
2014.06.23 02:43:25.657,6.12423,6.12678,1.00,2.03
2014.06.23 02:43:26.022,6.12442,6.12678,1.00,2.03
2014.06.23 02:43:26.351,6.12452,6.12678,1.00,2.03
2014.06.23 02:43:26.452,6.12493,6.12722,1.00,1.00
2014.06.23 02:43:26.585,6.12482,6.12722,1.00,1.00
2014.06.23 02:43:26.829,6.12473,6.12722,1.00,1.00
2014.06.23 02:43:27.351,6.12462,6.12722,1.00,1.00
2014.06.23 02:43:27.791,6.12442,6.12722,1.00,1.00
2014.06.23 02:43:28.161,6.12423,6.12722,1.00,1.00
2014.06.23 02:43:28.341,6.12442,6.12722,1.00,1.00
2014.06.23 02:43:28.712,6.12453,6.12722,1.00,1.00
2014.06.23 02:43:29.351,6.12452,6.12722,1.00,1.00
2014.06.23 02:43:31.641,6.12473,6.12722,1.00,1.00
2014.06.23 02:43:33.842,6.12442,6.12722,1.00,1.00
2014.06.23 02:43:35.607,6.12472,6.12722,1.00,1.00
2014.06.23 02:43:35.880,6.12452,6.12722,1.00,1.00
2014.06.23 02:43:35.983,6.12482,6.12722,1.00,1.00
2014.06.23 02:43:36.265,6.12452,6.12722,1.00,1.00
2014.06.23 02:43:37.365,6.12482,6.12722,1.00,1.00
2014.06.23 02:43:38.362,6.12452,6.12722,1.00,1.00
2014.06.23 02:43:38.942,6.12483,6.12722,1.00,1.00
2014.06.23 02:43:39.043,6.12472,6.12722,1.00,1.00
2014.06.23 02:43:44.633,6.12462,6.12722,1.00,1.00
2014.06.23 02:43:44.743,6.12472,6.12722,1.00,1.00
2014.06.23 02:43:51.105,6.12452,6.12722,1.00,1.00
2014.06.23 02:43:58.367,6.12472,6.12722,1.00,1.00
2014.06.23 02:43:58.476,6.12452,6.12722,1.00,1.00
2014.06.23 02:44:14.452,6.12462,6.12722,1.00,1.00
2014.06.23 02:44:14.554,6.12452,6.12722,1.00,1.00
2014.06.23 02:44:14.642,6.12472,6.12722,1.00,1.00
2014.06.23 02:44:21.813,6.12482,6.12722,1.00,1.00
2014.06.23 02:44:22.015,6.12482,6.12742,1.00,1.20
2014.06.23 02:44:22.269,6.12492,6.12742,1.00,1.20
2014.06.23 02:44:22.370,6.12432,6.12742,2.03,1.20
2014.06.23 02:44:22.421,6.12428,6.12698,1.00,2.03
2014.06.23 02:44:22.763,6.12462,6.12698,1.00,2.03
2014.06.23 02:44:22.864,6.12462,6.12742,1.00,1.20
2014.06.23 02:44:24.023,6.12452,6.12742,1.00,1.20
2014.06.23 02:44:24.870,6.12443,6.12742,1.00,1.20
2014.06.23 02:44:25.876,6.12452,6.12742,1.00,1.20
2014.06.23 02:44:26.090,6.12442,6.12742,1.00,1.20
2014.06.23 02:44:35.262,6.12442,6.12736,1.00,1.20
2014.06.23 02:44:41.601,6.12432,6.12736,1.00,1.20
2014.06.23 02:44:48.221,6.12442,6.12736,1.00,1.20
2014.06.23 02:44:54.352,6.12472,6.12736,1.00,1.20
2014.06.23 02:44:54.462,6.12442,6.12736,1.00,1.20
2014.06.23 02:44:55.830,6.12462,6.12736,1.00,1.20
2014.06.23 02:44:55.931,6.12462,6.12744,1.00,1.00
2014.06.23 02:45:01.198,6.12453,6.12744,1.00,1.00
2014.06.23 02:45:02.053,6.12482,6.12744,1.00,1.00
2014.06.23 02:45:02.604,6.12492,6.12744,1.00,1.00
2014.06.23 02:45:08.545,6.12462,6.12744,1.00,1.00
2014.06.23 02:45:15.255,6.12492,6.12744,1.00,1.00
2014.06.23 02:45:22.992,6.12492,6.12752,1.00,1.20
2014.06.23 02:45:23.505,6.12462,6.12752,1.00,1.20
2014.06.23 02:45:27.943,6.12483,6.12752,1.00,1.20
2014.06.23 02:45:28.163,6.12472,6.12752,1.00,1.20
2014.06.23 02:45:28.352,6.12482,6.12752,1.00,1.20
2014.06.23 02:45:28.570,6.12472,6.12752,1.00,1.20
2014.06.23 02:45:29.117,6.12462,6.12752,1.00,1.20
2014.06.23 02:45:29.332,6.12472,6.12752,1.00,1.20
2014.06.23 02:45:29.552,6.12463,6.12752,1.00,1.20
2014.06.23 02:45:30.144,6.12462,6.12752,1.00,1.20
2014.06.23 02:45:36.238,6.12462,6.12763,1.00,1.20
2014.06.23 02:45:47.063,6.12472,6.12763,1.00,1.20
2014.06.23 02:45:47.164,6.12453,6.12763,1.00,1.20
2014.06.23 02:45:47.264,6.12462,6.12763,1.00,1.20
2014.06.23 02:45:56.453,6.12462,6.12755,1.00,1.20
2014.06.23 02:45:57.163,6.12452,6.12755,1.00,1.20
2014.06.23 02:45:57.495,6.12472,6.12755,1.00,1.20
2014.06.23 02:45:58.393,6.12462,6.12755,1.00,1.20
2014.06.23 02:45:58.443,6.12462,6.12718,1.00,2.03
2014.06.23 02:46:11.013,6.12472,6.12718,1.00,2.03
2014.06.23 02:46:39.529,6.12462,6.12718,1.00,2.03
2014.06.23 02:46:40.381,6.12472,6.12718,1.00,2.03
2014.06.23 02:46:47.621,6.12462,6.12718,1.00,2.03
2014.06.23 02:46:51.582,6.12442,6.12718,1.00,2.03
2014.06.23 02:46:51.683,6.12452,6.12718,1.00,2.03
2014.06.23 02:46:52.011,6.12462,6.12718,1.00,2.03
2014.06.23 02:46:52.063,6.12462,6.12755,1.00,1.20
2014.06.23 02:46:52.267,6.12473,6.12755,1.00,1.20
2014.06.23 02:46:52.470,6.12462,6.12755,1.00,1.20
2014.06.23 02:46:52.711,6.12472,6.12755,1.00,1.20
2014.06.23 02:46:55.529,6.12462,6.12755,1.00,1.20
2014.06.23 02:46:56.080,6.12442,6.12755,1.00,1.20
2014.06.23 02:46:57.950,6.12462,6.12755,1.00,1.20
2014.06.23 02:46:58.051,6.12462,6.12758,1.00,2.93
2014.06.23 02:47:10.271,6.12472,6.12758,1.00,2.93
2014.06.23 02:47:21.061,6.12462,6.12752,1.00,1.00
2014.06.23 02:47:21.162,6.12472,6.12752,1.00,1.00
2014.06.23 02:47:30.050,6.12453,6.12752,1.00,1.00
2014.06.23 02:47:40.831,6.12452,6.12752,1.00,1.00
2014.06.23 02:47:44.500,6.12442,6.12752,1.00,1.00
2014.06.23 02:47:48.549,6.12452,6.12752,1.00,1.00
2014.06.23 02:47:51.390,6.12463,6.12752,1.00,1.00
2014.06.23 02:47:51.611,6.12442,6.12752,1.00,1.00
2014.06.23 02:47:52.388,6.12472,6.12752,1.00,1.00
2014.06.23 02:47:52.597,6.12452,6.12752,1.00,1.00
2014.06.23 02:47:52.817,6.12443,6.12747,1.00,1.00
2014.06.23 02:47:53.808,6.12452,6.12752,1.00,1.00
2014.06.23 02:47:57.768,6.12462,6.12752,1.00,1.00
2014.06.23 02:48:06.567,6.12452,6.12752,1.00,1.00
2014.06.23 02:48:21.288,6.12452,6.12758,1.00,1.00
2014.06.23 02:49:24.117,6.12462,6.12768,1.00,1.00
2014.06.23 02:49:34.015,6.12482,6.12775,1.00,1.20
2014.06.23 02:49:36.695,6.12492,6.12775,1.00,1.20
2014.06.23 02:49:36.928,6.12482,6.12775,1.00,1.20
2014.06.23 02:49:37.029,6.12492,6.12775,1.00,1.20
2014.06.23 02:49:40.838,6.12473,6.12775,1.00,1.20
2014.06.23 02:49:41.925,6.12473,6.12776,1.00,1.00
2014.06.23 02:49:54.938,6.12462,6.12768,1.00,1.00
2014.06.23 02:50:08.700,6.12472,6.12754,1.00,1.00
2014.06.23 02:50:09.981,6.12453,6.12754,1.00,1.00
2014.06.23 02:50:21.528,6.12472,6.12754,1.00,1.00
2014.06.23 02:50:25.270,6.12463,6.12754,1.00,1.00
2014.06.23 02:50:25.422,6.12472,6.12754,1.00,1.00
2014.06.23 02:50:26.586,6.12452,6.12738,1.00,1.00
2014.06.23 02:50:27.356,6.12482,6.12754,1.00,1.00
2014.06.23 02:50:27.576,6.12472,6.12754,1.00,1.00
2014.06.23 02:50:35.826,6.12482,6.12754,1.00,1.00
2014.06.23 02:50:36.202,6.12472,6.12725,1.00,1.00
2014.06.23 02:50:36.787,6.12473,6.12725,1.00,1.00
2014.06.23 02:50:36.838,6.12442,6.12708,1.00,1.00
2014.06.23 02:50:37.064,6.12472,6.12725,1.00,1.00
2014.06.23 02:50:47.199,6.12462,6.12725,1.00,1.00
2014.06.23 02:50:47.525,6.12472,6.12725,1.00,1.00
2014.06.23 02:50:47.576,6.12472,6.12733,1.00,1.00
2014.06.23 02:50:50.618,6.12482,6.12733,1.00,1.00
2014.06.23 02:50:57.436,6.12472,6.12733,1.00,1.00
2014.06.23 02:50:57.588,6.12472,6.12711,1.00,1.00
2014.06.23 02:51:08.108,6.12452,6.12711,1.00,1.00
2014.06.23 02:51:14.546,6.12442,6.12708,1.00,1.00
2014.06.23 02:51:14.596,6.12442,6.12702,1.00,1.00
2014.06.23 02:51:15.075,6.12442,6.12685,1.00,1.00
2014.06.23 02:51:15.587,6.12422,6.12685,1.00,1.00
2014.06.23 02:51:15.688,6.12422,6.12655,1.00,1.00
2014.06.23 02:51:16.106,6.12432,6.12655,1.00,1.00
2014.06.23 02:51:17.078,6.12462,6.12655,1.00,1.00
2014.06.23 02:51:17.295,6.12443,6.12655,1.00,1.00
2014.06.23 02:51:17.625,6.12432,6.12655,1.00,1.00
2014.06.23 02:51:18.116,6.12463,6.12655,1.00,1.00
2014.06.23 02:51:18.338,6.12482,6.12678,1.00,1.00
2014.06.23 02:51:18.667,6.12472,6.12678,1.00,1.00
2014.06.23 02:51:18.989,6.12472,6.12669,1.00,1.00
2014.06.23 02:51:19.317,6.12483,6.12669,1.00,1.00
2014.06.23 02:51:26.027,6.12483,6.12692,1.00,1.00
2014.06.23 02:51:26.127,6.12492,6.12692,1.00,1.00
2014.06.23 02:51:28.130,6.12483,6.12692,1.00,1.00
2014.06.23 02:51:28.187,6.12462,6.12692,1.00,1.00
2014.06.23 02:51:28.389,6.12462,6.1268,1.00,1.00
2014.06.23 02:51:28.440,6.12442,6.12678,1.00,2.03
2014.06.23 02:51:28.868,6.12452,6.12678,1.00,2.03
2014.06.23 02:51:29.285,6.12452,6.12658,1.00,1.00
2014.06.23 02:51:29.835,6.12462,6.12658,1.00,1.00
2014.06.23 02:51:30.096,6.12452,6.12658,1.00,1.00
2014.06.23 02:51:30.935,6.12472,6.12658,1.00,1.00
2014.06.23 02:51:30.986,6.12472,6.12695,1.00,1.20
2014.06.23 02:51:31.088,6.12462,6.12695,1.00,1.20
2014.06.23 02:51:31.139,6.12462,6.12669,1.00,1.00
2014.06.23 02:51:31.486,6.12473,6.12669,1.00,1.00
2014.06.23 02:51:33.956,6.12453,6.12669,1.00,1.00
2014.06.23 02:51:37.975,6.12462,6.12669,1.00,1.00
2014.06.23 02:51:38.433,6.12452,6.12658,1.00,1.00
2014.06.23 02:51:38.745,6.12442,6.12658,1.00,1.00
2014.06.23 02:51:38.908,6.12472,6.12693,1.00,1.00
2014.06.23 02:51:39.109,6.12442,6.12693,1.00,1.00
2014.06.23 02:51:39.535,6.12463,6.12693,1.00,1.00
2014.06.23 02:51:39.737,6.12442,6.12693,1.00,1.00
2014.06.23 02:51:40.115,6.12452,6.12693,1.00,1.00
2014.06.23 02:51:40.440,6.12482,6.12693,1.00,1.00
2014.06.23 02:51:41.157,6.12462,6.12693,1.00,1.00
2014.06.23 02:51:41.208,6.12462,6.12717,1.00,1.00
2014.06.23 02:51:41.359,6.12462,6.12728,1.00,1.00
2014.06.23 02:51:41.410,6.12492,6.12731,1.00,1.00
2014.06.23 02:51:41.756,6.12492,6.12717,1.00,1.00
2014.06.23 02:51:41.858,6.12463,6.12717,1.00,1.00
2014.06.23 02:51:41.959,6.12482,6.12732,2.03,1.20
2014.06.23 02:51:42.365,6.12493,6.12732,1.00,1.20
2014.06.23 02:51:42.416,6.12493,6.12752,1.00,1.20
2014.06.23 02:51:42.467,6.12493,6.12786,1.00,1.20
2014.06.23 02:51:42.585,6.12482,6.12786,2.78,1.20
2014.06.23 02:51:42.805,6.12492,6.12786,1.00,1.20
2014.06.23 02:51:43.148,6.12482,6.12782,2.78,1.00
2014.06.23 02:51:43.355,6.12482,6.12758,2.03,1.00
2014.06.23 02:51:43.726,6.12482,6.12748,2.03,1.00
2014.06.23 02:51:44.348,6.12492,6.12778,1.00,1.00
2014.06.23 02:51:44.809,6.12522,6.12782,1.00,1.00
2014.06.23 02:51:45.011,6.12513,6.12778,1.00,1.00
2014.06.23 02:51:45.062,6.12513,6.12786,1.00,1.20
2014.06.23 02:51:45.119,6.12532,6.12786,1.00,1.20
2014.06.23 02:51:45.598,6.12512,6.12786,1.00,1.20
2014.06.23 02:51:50.128,6.12512,6.12767,1.00,1.00
2014.06.23 02:51:50.179,6.12492,6.12767,1.00,1.00
2014.06.23 02:51:53.037,6.12482,6.12748,2.03,1.00
2014.06.23 02:51:57.618,6.12482,6.12744,2.03,1.00
2014.06.23 02:51:58.105,6.12482,6.12738,2.03,1.00
2014.06.23 02:52:05.276,6.12452,6.12728,1.00,1.00
2014.06.23 02:52:05.327,6.12452,6.12723,1.00,1.00
2014.06.23 02:52:05.568,6.12433,6.12717,1.00,1.00
2014.06.23 02:52:09.086,6.12452,6.12723,1.00,1.00
2014.06.23 02:52:10.516,6.12432,6.12708,1.00,1.00
2014.06.23 02:52:11.947,6.12422,6.12698,2.78,1.00
2014.06.23 02:52:12.286,6.12442,6.12718,1.00,1.00
2014.06.23 02:52:48.246,6.12452,6.12723,1.00,1.00
2014.06.23 02:53:06.506,6.12452,6.12728,1.00,1.00
2014.06.23 02:54:06.843,6.12452,6.12678,1.00,1.00
2014.06.23 02:54:07.145,6.12433,6.12657,1.00,1.20
2014.06.23 02:54:07.448,6.12443,6.12663,1.00,1.00
2014.06.23 02:54:07.756,6.12443,6.12641,1.00,1.00
2014.06.23 02:54:08.312,6.12432,6.12641,1.00,1.00
2014.06.23 02:54:10.481,6.12432,6.1263,1.00,1.00
2014.06.23 02:54:10.840,6.12432,6.12603,1.00,1.00
2014.06.23 02:54:10.890,6.12413,6.12603,1.00,1.00
2014.06.23 02:54:11.103,6.12423,6.12603,1.00,1.00
2014.06.23 02:54:14.366,6.12423,6.12632,1.00,1.00
2014.06.23 02:54:14.468,6.12423,6.12648,1.00,1.20
2014.06.23 02:54:14.570,6.12423,6.12668,1.00,1.20
2014.06.23 02:54:14.621,6.12432,6.12684,1.00,1.00
2014.06.23 02:54:14.781,6.12432,6.12708,1.00,1.00
2014.06.23 02:54:15.974,6.12432,6.12705,1.00,1.00
2014.06.23 02:54:26.572,6.12422,6.12705,1.00,1.00
2014.06.23 02:54:34.642,6.12432,6.12705,1.00,1.00
2014.06.23 02:54:34.943,6.12422,6.12705,1.00,1.00
2014.06.23 02:54:35.044,6.12432,6.12705,1.00,1.00
2014.06.23 02:54:35.406,6.12412,6.12698,1.00,1.00
2014.06.23 02:54:35.457,6.12412,6.12674,1.00,1.00
2014.06.23 02:54:35.956,6.12433,6.12674,1.00,1.00
2014.06.23 02:54:36.304,6.12433,6.12644,1.00,1.00
2014.06.23 02:54:36.456,6.12433,6.12675,1.00,1.00
2014.06.23 02:54:36.507,6.12452,6.12675,1.00,1.00
2014.06.23 02:54:36.557,6.12452,6.12693,1.00,1.00
2014.06.23 02:54:36.709,6.12462,6.12693,1.00,1.00
2014.06.23 02:54:36.917,6.12452,6.12693,1.00,1.00
2014.06.23 02:54:37.184,6.12442,6.12693,1.00,1.00
2014.06.23 02:54:37.386,6.12452,6.12693,1.00,1.00
2014.06.23 02:54:37.589,6.12422,6.12666,1.00,1.00
2014.06.23 02:54:37.690,6.12442,6.12644,1.00,1.00
2014.06.23 02:54:38.066,6.12472,6.12644,1.00,1.00
2014.06.23 02:54:38.415,6.12483,6.12668,1.00,1.00
2014.06.23 02:54:38.516,6.12463,6.12668,1.00,1.00
2014.06.23 02:54:38.568,6.12463,6.12644,1.00,1.00
2014.06.23 02:54:38.619,6.12433,6.12644,1.00,1.00
2014.06.23 02:54:38.834,6.12423,6.12644,2.03,1.00
2014.06.23 02:54:38.886,6.12412,6.12644,1.00,1.00
2014.06.23 02:54:39.381,6.12422,6.12644,1.00,1.00
2014.06.23 02:54:47.961,6.12412,6.12644,1.00,1.00
2014.06.23 02:54:50.271,6.12402,6.12644,1.00,1.00
2014.06.23 02:54:55.042,6.12398,6.12623,1.00,1.00
2014.06.23 02:54:55.143,6.12402,6.12628,1.00,1.00
2014.06.23 02:54:55.244,6.12412,6.1264,1.00,1.20
2014.06.23 02:54:55.345,6.12422,6.1264,1.00,1.20
2014.06.23 02:54:56.361,6.12413,6.1264,1.00,1.20
2014.06.23 02:54:56.581,6.12422,6.1264,1.00,1.20
2014.06.23 02:54:57.045,6.12422,6.12627,1.00,1.00
2014.06.23 02:54:58.395,6.12422,6.12604,1.00,1.00
2014.06.23 02:55:01.955,6.12422,6.12632,1.00,1.00
2014.06.23 02:55:02.107,6.12422,6.12678,1.00,2.78
2014.06.23 02:55:02.665,6.12422,6.12656,1.00,1.00
2014.06.23 02:55:05.784,6.12412,6.12656,1.00,1.00
2014.06.23 02:55:06.014,6.12422,6.12656,1.00,1.00
2014.06.23 02:55:06.384,6.12412,6.12656,1.00,1.00
2014.06.23 02:55:06.774,6.12422,6.12656,1.00,1.00
2014.06.23 02:55:07.080,6.12422,6.12632,1.00,1.00
2014.06.23 02:55:07.131,6.12412,6.12631,1.00,1.00
2014.06.23 02:55:07.323,6.12402,6.12631,1.00,1.00
2014.06.23 02:55:07.786,6.12402,6.1261,1.00,1.00
2014.06.23 02:55:08.124,6.12392,6.1261,1.00,1.00
2014.06.23 02:55:08.314,6.12373,6.1261,1.00,1.00
2014.06.23 02:55:08.488,6.12392,6.12579,1.00,1.00
2014.06.23 02:55:10.113,6.12412,6.12641,1.00,1.20
2014.06.23 02:55:10.993,6.12412,6.12634,1.00,1.00
2014.06.23 02:55:16.562,6.12398,6.12634,1.00,1.00
2014.06.23 02:55:16.895,6.12402,6.12634,1.00,1.00
2014.06.23 02:55:17.048,6.12398,6.12634,1.00,1.00
2014.06.23 02:55:17.149,6.12396,6.12613,1.00,1.00
2014.06.23 02:55:17.994,6.12403,6.12613,1.00,1.00
2014.06.23 02:55:18.102,6.12396,6.12613,1.00,1.00
2014.06.23 02:55:18.323,6.12412,6.12613,1.00,1.00
2014.06.23 02:55:18.542,6.12396,6.12613,1.00,1.00
2014.06.23 02:55:20.303,6.12396,6.12607,1.00,1.00
2014.06.23 02:55:20.454,6.12373,6.12607,1.00,1.00
2014.06.23 02:55:20.555,6.12352,6.12607,2.03,1.00
2014.06.23 02:55:20.892,6.12381,6.12608,1.00,1.00
2014.06.23 02:55:21.722,6.12381,6.12607,1.00,1.00
2014.06.23 02:55:22.104,6.12381,6.12618,1.00,1.50
2014.06.23 02:55:24.924,6.12381,6.12608,1.00,1.00
2014.06.23 02:55:25.183,6.12381,6.12618,1.00,1.00
2014.06.23 02:55:27.144,6.12381,6.12608,1.00,1.00
2014.06.23 02:55:29.914,6.12381,6.12598,1.00,1.00
2014.06.23 02:55:30.243,6.12352,6.12578,2.03,1.00
2014.06.23 02:55:30.578,6.12352,6.12597,2.03,1.00
2014.06.23 02:55:30.679,6.12374,6.12597,1.00,1.00
2014.06.23 02:55:31.029,6.12398,6.12597,1.00,1.00
2014.06.23 02:55:31.353,6.12398,6.12578,1.00,1.00
2014.06.23 02:55:31.525,6.12398,6.12598,1.00,1.00
2014.06.23 02:55:31.634,6.12398,6.12608,1.00,1.00
2014.06.23 02:55:32.231,6.12398,6.12618,1.00,1.00
2014.06.23 02:55:32.292,6.12398,6.12628,1.00,1.00
2014.06.23 02:55:35.044,6.12398,6.12637,1.00,2.03
2014.06.23 02:55:42.893,6.12398,6.12618,1.00,1.00
2014.06.23 02:55:43.082,6.12398,6.12637,1.00,2.03
2014.06.23 02:55:44.241,6.12398,6.12577,1.00,2.03
2014.06.23 02:55:48.486,6.12364,6.12577,1.00,2.03
2014.06.23 02:55:48.712,6.12387,6.12577,1.00,2.03
2014.06.23 02:55:50.508,6.12387,6.12604,1.00,1.00
2014.06.23 02:56:16.879,6.1234,6.12578,1.00,2.03
2014.06.23 02:56:17.136,6.12363,6.12578,1.00,2.78
2014.06.23 02:56:17.497,6.12388,6.12578,1.00,2.03
2014.06.23 02:56:18.965,6.12388,6.12603,1.00,1.00
2014.06.23 02:56:19.116,6.12398,6.12622,1.00,1.20
2014.06.23 02:56:19.318,6.12375,6.12622,1.00,1.20
2014.06.23 02:56:19.419,6.12398,6.12622,1.00,1.20
2014.06.23 02:56:20.292,6.12398,6.12618,1.00,1.00
2014.06.23 02:56:20.841,6.12398,6.12622,1.00,1.20
2014.06.23 02:56:21.050,6.12398,6.12577,1.00,2.03
2014.06.23 02:56:21.302,6.12398,6.12607,1.00,2.03
2014.06.23 02:56:27.451,6.12396,6.12607,1.00,2.03
2014.06.23 02:56:27.553,6.12396,6.12578,1.00,2.03
2014.06.23 02:56:27.654,6.12396,6.12613,1.00,1.00
2014.06.23 02:56:28.681,6.12396,6.12578,1.00,2.03
2014.06.23 02:56:30.992,6.12396,6.12613,1.00,1.00
2014.06.23 02:56:31.940,6.12398,6.12588,1.00,2.03
2014.06.23 02:56:34.131,6.12398,6.12628,1.00,2.03
2014.06.23 02:56:35.312,6.12398,6.12587,1.00,2.03
2014.06.23 02:56:37.430,6.12398,6.12628,1.00,2.03
2014.06.23 02:56:38.430,6.12398,6.12588,1.00,2.03
2014.06.23 02:56:40.610,6.12398,6.12628,1.00,2.03
2014.06.23 02:56:41.829,6.12398,6.12588,1.00,2.03
2014.06.23 02:56:43.999,6.12398,6.12628,1.00,2.03
2014.06.23 02:56:44.910,6.12398,6.12588,1.00,2.03
2014.06.23 02:56:47.080,6.12398,6.12628,1.00,2.03
2014.06.23 02:56:47.891,6.12398,6.12548,1.00,2.03
2014.06.23 02:56:48.043,6.12394,6.12548,1.00,2.03
2014.06.23 02:56:48.210,6.12394,6.12587,1.00,2.03
2014.06.23 02:56:50.269,6.12394,6.12609,1.00,1.00
2014.06.23 02:56:51.259,6.12394,6.12547,1.00,2.03
2014.06.23 02:56:51.479,6.12394,6.12588,1.00,2.03
2014.06.23 02:56:53.495,6.12394,6.12609,1.00,1.00
2014.06.23 02:56:54.376,6.12394,6.12548,1.00,2.03
2014.06.23 02:56:54.681,6.12394,6.12588,1.00,2.03
2014.06.23 02:56:56.680,6.12394,6.12609,1.00,1.00
2014.06.23 02:56:57.665,6.12394,6.12548,1.00,2.03
2014.06.23 02:56:57.859,6.12394,6.12587,1.00,2.03
2014.06.23 02:56:59.889,6.12394,6.12609,1.00,1.00
2014.06.23 02:57:00.959,6.12394,6.12588,1.00,2.03
2014.06.23 02:57:02.511,6.12394,6.12609,1.00,1.00
2014.06.23 02:57:03.618,6.12394,6.12588,1.00,2.03
2014.06.23 02:57:04.911,6.12394,6.12609,1.00,1.00
2014.06.23 02:57:06.001,6.12394,6.12588,1.00,2.03
2014.06.23 02:57:07.548,6.12394,6.12609,1.00,1.00
2014.06.23 02:57:08.531,6.12394,6.12548,1.00,2.03
2014.06.23 02:57:08.797,6.12394,6.12588,1.00,2.03
2014.06.23 02:57:10.765,6.12394,6.12609,1.00,1.00
2014.06.23 02:57:11.653,6.12394,6.12548,1.00,2.03
2014.06.23 02:57:12.049,6.12394,6.12588,1.00,2.03
2014.06.23 02:57:13.738,6.12398,6.12588,1.00,2.03
2014.06.23 02:57:13.890,6.12403,6.12684,1.38,1.20
2014.06.23 02:57:13.941,6.12403,6.12684,1.00,1.20
2014.06.23 02:57:14.042,6.12403,6.12648,1.00,2.03
2014.06.23 02:57:14.203,6.12398,6.12648,1.00,2.03
2014.06.23 02:57:15.018,6.12398,6.12597,1.00,2.03
2014.06.23 02:57:15.977,6.1239,6.12597,1.00,2.03
2014.06.23 02:57:17.266,6.1239,6.12628,1.00,1.20
2014.06.23 02:57:18.143,6.1239,6.12598,1.00,2.03
2014.06.23 02:57:20.454,6.1239,6.12628,1.00,1.20
2014.06.23 02:57:21.530,6.1239,6.12598,1.00,2.03
2014.06.23 02:57:22.969,6.1239,6.12628,1.00,1.20
2014.06.23 02:57:24.062,6.1239,6.12598,1.00,2.03
2014.06.23 02:57:25.494,6.1239,6.12628,1.00,1.20
2014.06.23 02:57:26.494,6.1239,6.12598,1.00,2.03
2014.06.23 02:57:27.932,6.1239,6.12628,1.00,1.20
2014.06.23 02:57:28.921,6.1239,6.12598,1.00,2.03
2014.06.23 02:57:30.442,6.1239,6.12628,1.00,1.20
2014.06.23 02:57:31.431,6.1239,6.12598,1.00,2.03
2014.06.23 02:57:32.151,6.12381,6.12596,1.00,1.00
2014.06.23 02:57:32.204,6.12381,6.12568,1.00,2.03
2014.06.23 02:57:32.519,6.1239,6.12568,1.00,2.03
2014.06.23 02:57:32.977,6.1239,6.12608,1.00,2.03
2014.06.23 02:57:40.023,6.1239,6.12568,1.00,2.03
2014.06.23 02:57:40.794,6.12343,6.12568,1.00,2.03
2014.06.23 02:57:41.096,6.12312,6.12568,1.00,2.03
2014.06.23 02:57:41.299,6.12302,6.12568,1.00,2.03
2014.06.23 02:57:41.666,6.12272,6.12568,1.20,2.03
2014.06.23 02:57:41.767,6.12242,6.12568,2.03,2.03
2014.06.23 02:57:41.868,6.12216,6.12467,1.20,2.03
2014.06.23 02:57:51.649,6.12216,6.12498,1.20,2.03
2014.06.23 02:57:51.769,6.12222,6.12498,1.00,2.03
2014.06.23 02:57:51.870,6.12216,6.12498,1.20,2.03
2014.06.23 02:57:53.452,6.12182,6.12498,1.00,2.03
2014.06.23 02:57:55.579,6.12192,6.12498,1.00,2.03
2014.06.23 02:57:58.109,6.12182,6.12498,1.00,2.03
2014.06.23 02:58:03.423,6.12162,6.12468,1.00,2.03
2014.06.23 02:58:03.524,6.1216,6.12468,1.20,2.03
2014.06.23 02:58:03.721,6.12173,6.12468,1.00,2.03
2014.06.23 02:58:13.638,6.12172,6.12468,1.00,2.03
2014.06.23 02:58:16.826,6.12202,6.12468,1.00,2.03
2014.06.23 02:58:16.878,6.12202,6.12508,1.00,2.03
2014.06.23 02:58:16.929,6.12192,6.12508,1.00,2.03
2014.06.23 02:58:17.031,6.12212,6.12508,1.00,2.03
2014.06.23 02:58:17.242,6.12202,6.12508,1.00,2.03
2014.06.23 02:58:17.352,6.12192,6.12508,1.00,2.03
2014.06.23 02:58:17.820,6.12182,6.12508,2.78,2.03
2014.06.23 02:58:18.557,6.12202,6.12508,1.00,2.03
2014.06.23 02:58:20.539,6.12182,6.12508,2.78,2.03
2014.06.23 02:58:20.759,6.12202,6.12508,1.00,2.03
2014.06.23 02:58:21.094,6.12212,6.12508,1.00,2.03
2014.06.23 02:58:21.430,6.12222,6.12508,1.00,2.03
2014.06.23 02:58:22.631,6.12223,6.12508,1.00,2.03
2014.06.23 02:58:24.852,6.12203,6.12508,1.00,2.03
2014.06.23 02:58:29.279,6.12192,6.12508,1.00,2.03
2014.06.23 02:58:29.446,6.12203,6.12508,1.00,2.03
2014.06.23 02:58:30.331,6.12202,6.12508,1.00,2.03
2014.06.23 02:58:34.628,6.12222,6.12508,1.00,2.03
2014.06.23 02:58:37.157,6.12202,6.12508,1.00,2.03
2014.06.23 02:58:41.803,6.12192,6.12508,1.00,2.03
2014.06.23 02:58:42.325,6.12192,6.12507,1.00,1.00
2014.06.23 02:58:43.422,6.12202,6.12507,1.00,1.00
2014.06.23 02:58:43.675,6.12192,6.12507,1.00,1.00
2014.06.23 02:58:50.666,6.12203,6.12507,1.00,1.00
2014.06.23 02:59:05.846,6.12232,6.12507,1.00,1.00
2014.06.23 02:59:06.079,6.12222,6.12507,1.00,1.00
2014.06.23 02:59:06.249,6.12222,6.12538,1.00,2.03
2014.06.23 02:59:06.940,6.12212,6.12538,2.78,2.03
2014.06.23 02:59:07.775,6.12223,6.12538,1.00,2.03
2014.06.23 02:59:19.965,6.12223,6.12506,1.00,1.00
2014.06.23 02:59:24.935,6.12252,6.12506,1.00,1.00
2014.06.23 02:59:35.215,6.12262,6.12506,1.00,1.00
2014.06.23 02:59:36.044,6.12252,6.12506,1.00,1.00
2014.06.23 02:59:38.358,6.12252,6.12532,1.00,1.20
2014.06.23 02:59:38.509,6.12262,6.12532,1.00,1.20
2014.06.23 02:59:40.338,6.12272,6.12532,1.00,1.20
2014.06.23 02:59:43.216,6.12272,6.12556,1.00,1.00
2014.06.23 02:59:48.617,6.12252,6.12556,2.78,1.00
2014.06.23 02:59:49.054,6.12272,6.12556,1.00,1.00
2014.06.23 02:59:52.906,6.12252,6.12556,2.78,1.00
2014.06.23 02:59:57.565,6.12272,6.12556,1.00,1.00
2014.06.23 02:59:58.417,6.12282,6.12556,1.00,1.00
2014.06.23 02:59:58.467,6.12282,6.12568,1.00,1.20
2014.06.23 02:59:58.721,6.12283,6.12557,2.03,1.00
2014.06.23 02:59:59.336,6.12272,6.12557,1.00,1.00
2014.06.23 02:59:59.488,6.12272,6.12568,1.00,1.20
2014.06.23 02:59:59.993,6.12273,6.12568,1.00,1.20
