2012.07.13 20:00:00.764,6.10617,6.10843,2.40,1.86
2012.07.13 20:00:16.981,6.10658,6.10872,1.65,1.86
2012.07.13 20:00:20.161,6.10621,6.10842,1.50,1.86
2012.07.13 20:00:21.713,6.10618,6.10842,2.40,1.86
2012.07.13 20:00:21.782,6.10618,6.10842,2.40,1.86
2012.07.13 20:00:33.616,6.10618,6.10842,2.40,1.86
2012.07.13 20:00:37.022,6.10587,6.10929,1.50,1.50
2012.07.13 20:00:37.153,6.10572,6.10929,1.50,1.50
2012.07.13 20:00:46.282,6.10572,6.10933,1.50,2.61
2012.07.13 20:00:46.831,6.10582,6.10933,1.50,2.61
2012.07.13 20:00:57.666,6.10652,6.10933,1.50,2.61
2012.07.13 20:01:03.062,6.10652,6.10933,1.50,2.61
2012.07.13 20:01:03.292,6.10652,6.10933,1.50,2.61
2012.07.13 20:01:05.162,6.10652,6.10933,1.50,2.61
2012.07.13 20:01:05.491,6.10652,6.10913,1.50,2.61
2012.07.13 20:01:17.941,6.10635,6.10913,2.25,2.61
2012.07.13 20:01:32.242,6.10635,6.10913,2.25,2.61
2012.07.13 20:01:32.432,6.10635,6.10913,2.25,2.61
2012.07.13 20:01:46.224,6.10596,6.1091,2.25,1.50
2012.07.13 20:01:52.922,6.10596,6.10864,1.50,1.50
2012.07.13 20:01:53.172,6.10596,6.10864,1.50,1.50
2012.07.13 20:01:53.485,6.10596,6.10864,1.50,1.50
2012.07.13 20:01:57.223,6.10572,6.10864,1.50,1.50
2012.07.13 20:01:57.293,6.1052,6.10817,1.50,1.50
2012.07.13 20:01:57.793,6.1052,6.10817,1.50,1.50
2012.07.13 20:01:58.453,6.1052,6.10817,1.50,1.50
2012.07.13 20:02:04.172,6.1052,6.10795,1.50,1.50
2012.07.13 20:02:04.829,6.1052,6.10795,1.50,1.50
2012.07.13 20:02:12.202,6.1052,6.10795,1.50,1.50
2012.07.13 20:02:12.453,6.1052,6.10795,1.50,1.50
2012.07.13 20:02:13.073,6.1052,6.10821,1.50,1.50
2012.07.13 20:02:14.952,6.1052,6.10821,1.50,1.50
2012.07.13 20:02:15.942,6.1052,6.108,1.50,1.50
2012.07.13 20:02:16.494,6.1052,6.108,1.50,1.50
2012.07.13 20:02:17.348,6.1052,6.108,1.50,1.50
2012.07.13 20:02:17.591,6.10478,6.108,2.40,1.50
2012.07.13 20:02:20.231,6.10478,6.108,2.40,1.50
2012.07.13 20:02:20.801,6.10478,6.108,2.40,1.50
2012.07.13 20:02:27.063,6.10478,6.108,2.40,1.50
2012.07.13 20:02:33.561,6.10478,6.1076,1.65,1.50
2012.07.13 20:02:33.634,6.10478,6.1076,1.65,1.50
2012.07.13 20:02:35.482,6.10478,6.1076,1.65,1.50
2012.07.13 20:02:37.632,6.10478,6.1076,1.65,1.50
2012.07.13 20:02:43.502,6.10478,6.10786,1.65,1.50
2012.07.13 20:02:54.481,6.10478,6.10753,1.65,1.50
2012.07.13 20:02:56.362,6.10478,6.10708,1.65,1.50
2012.07.13 20:02:57.786,6.10446,6.10708,1.50,1.50
2012.07.13 20:02:58.544,6.10446,6.10726,1.50,1.50
2012.07.13 20:02:59.754,6.10446,6.10708,1.50,1.50
2012.07.13 20:03:01.162,6.10446,6.10725,1.50,1.50
2012.07.13 20:03:03.414,6.10392,6.10725,1.50,1.50
2012.07.13 20:03:03.662,6.10377,6.10708,2.40,1.50
2012.07.13 20:03:03.733,6.10377,6.10708,2.40,1.50
2012.07.13 20:03:03.862,6.10427,6.1071,1.65,1.50
2012.07.13 20:03:03.946,6.10427,6.1071,1.65,1.50
2012.07.13 20:03:04.392,6.10446,6.1071,1.50,1.50
2012.07.13 20:03:04.597,6.10446,6.1071,1.50,1.50
2012.07.13 20:03:06.401,6.10446,6.1071,1.50,1.50
2012.07.13 20:03:08.240,6.10446,6.1071,1.50,1.50
2012.07.13 20:03:14.211,6.10446,6.1071,1.50,1.50
2012.07.13 20:03:24.821,6.10453,6.10726,1.50,1.50
2012.07.13 20:03:44.512,6.10453,6.10726,1.50,1.50
2012.07.13 20:03:45.605,6.10429,6.10726,1.50,1.50
2012.07.13 20:03:45.671,6.10427,6.10726,1.65,1.50
2012.07.13 20:03:49.012,6.10427,6.10726,1.65,1.50
2012.07.13 20:03:52.082,6.10417,6.10633,1.65,1.86
2012.07.13 20:04:41.571,6.10409,6.10582,1.50,1.86
2012.07.13 20:04:46.850,6.10395,6.10582,1.50,1.86
2012.07.13 20:04:50.544,6.10395,6.10612,1.50,1.86
2012.07.13 20:05:07.825,6.10407,6.10612,1.50,1.86
2012.07.13 20:05:28.952,6.10388,6.10612,2.40,1.86
2012.07.13 20:05:33.843,6.10417,6.10633,1.65,1.86
2012.07.13 20:06:09.911,6.10426,6.10633,1.50,1.86
2012.07.13 20:06:30.541,6.10423,6.10633,1.50,1.86
2012.07.13 20:06:34.003,6.10423,6.108,1.50,2.25
2012.07.13 20:06:42.692,6.10423,6.1078,1.50,2.25
2012.07.13 20:06:45.172,6.10423,6.1078,1.50,2.25
2012.07.13 20:06:50.959,6.10411,6.1077,1.50,2.25
2012.07.13 20:07:10.894,6.10409,6.10768,1.50,2.25
2012.07.13 20:07:31.034,6.1042,6.10712,1.50,1.50
2012.07.13 20:07:44.983,6.10467,6.10683,1.65,2.61
2012.07.13 20:07:45.232,6.10467,6.10683,1.65,1.86
2012.07.13 20:07:48.253,6.10467,6.10683,2.40,1.86
2012.07.13 20:07:51.035,6.10492,6.10683,1.50,1.86
2012.07.13 20:07:52.757,6.10517,6.10733,1.65,1.86
2012.07.13 20:07:55.433,6.10492,6.10683,1.50,1.86
2012.07.13 20:08:06.834,6.10467,6.10683,2.40,1.86
2012.07.13 20:08:06.903,6.10467,6.10683,1.65,1.86
2012.07.13 20:08:06.973,6.10411,6.10613,1.50,1.86
2012.07.13 20:08:07.045,6.10395,6.10613,2.25,1.86
2012.07.13 20:08:07.456,6.10395,6.10613,1.50,1.86
2012.07.13 20:08:08.523,6.10437,6.10653,1.65,2.61
2012.07.13 20:08:09.473,6.10417,6.10633,2.40,1.86
2012.07.13 20:08:12.145,6.10438,6.10652,1.65,1.86
2012.07.13 20:08:12.303,6.10438,6.10652,2.40,1.86
2012.07.13 20:08:18.023,6.10474,6.10652,1.50,1.86
2012.07.13 20:08:18.214,6.10487,6.10703,1.65,1.86
2012.07.13 20:08:21.693,6.10487,6.10703,2.40,1.86
2012.07.13 20:08:25.412,6.10487,6.10703,2.40,1.86
2012.07.13 20:08:27.663,6.10487,6.10703,1.65,1.86
2012.07.13 20:08:28.262,6.10487,6.10703,2.40,1.86
2012.07.13 20:08:41.023,6.1051,6.10703,1.50,1.86
2012.07.13 20:08:41.092,6.1051,6.10683,1.50,1.86
2012.07.13 20:08:55.644,6.1051,6.10652,1.50,1.86
2012.07.13 20:08:55.713,6.10438,6.10652,2.40,1.86
2012.07.13 20:08:55.783,6.10434,6.10632,2.25,1.86
2012.07.13 20:08:58.873,6.10434,6.10632,2.25,1.86
2012.07.13 20:08:58.943,6.10468,6.10682,1.65,1.86
2012.07.13 20:09:54.652,6.10448,6.10653,2.25,1.86
2012.07.13 20:09:58.883,6.1044,6.10653,1.50,1.86
2012.07.13 20:10:01.682,6.10467,6.10683,1.65,1.86
2012.07.13 20:10:28.764,6.10488,6.10702,1.65,1.86
2012.07.13 20:10:32.553,6.10517,6.10733,1.65,1.86
2012.07.13 20:10:34.883,6.10517,6.10733,1.65,2.61
2012.07.13 20:10:38.832,6.10517,6.10733,1.65,1.86
2012.07.13 20:10:39.552,6.10525,6.10733,1.50,1.86
2012.07.13 20:10:59.918,6.10521,6.10733,1.50,1.86
2012.07.13 20:11:20.913,6.10531,6.10733,1.50,1.86
2012.07.13 20:11:32.925,6.10531,6.108,1.50,1.50
2012.07.13 20:11:33.134,6.10531,6.10839,2.25,1.50
2012.07.13 20:12:08.841,6.10519,6.10839,2.25,1.50
2012.07.13 20:12:35.784,6.10529,6.10888,1.50,2.25
2012.07.13 20:12:36.223,6.10529,6.10692,1.50,1.86
2012.07.13 20:12:36.293,6.10453,6.10692,1.50,1.86
2012.07.13 20:12:56.902,6.10438,6.10652,1.65,1.86
2012.07.13 20:13:27.934,6.10426,6.10512,1.50,1.86
2012.07.13 20:13:28.004,6.10281,6.10512,2.25,1.86
2012.07.13 20:13:28.073,6.10281,6.10512,2.25,1.86
2012.07.13 20:13:28.273,6.10281,6.10512,2.25,1.86
2012.07.13 20:13:43.047,6.10301,6.10492,2.25,1.86
2012.07.13 20:13:51.644,6.10291,6.10442,2.25,1.86
2012.07.13 20:13:51.834,6.10291,6.10442,1.50,1.86
2012.07.13 20:13:56.634,6.10291,6.10442,1.50,2.61
2012.07.13 20:13:57.595,6.10228,6.10442,2.40,2.61
2012.07.13 20:13:57.665,6.10228,6.10442,2.40,2.61
2012.07.13 20:13:57.795,6.10185,6.10373,2.25,1.86
2012.07.13 20:14:07.225,6.10185,6.10373,2.25,1.86
2012.07.13 20:14:30.064,6.1018,6.10392,1.50,1.86
2012.07.13 20:14:30.220,6.10199,6.10392,1.50,1.86
2012.07.13 20:14:32.986,6.10199,6.10392,1.50,1.86
2012.07.13 20:15:03.964,6.10202,6.10392,2.25,1.86
2012.07.13 20:15:04.833,6.10202,6.10392,2.25,1.86
2012.07.13 20:15:05.593,6.10202,6.10392,2.25,1.86
2012.07.13 20:15:27.933,6.10198,6.10282,1.50,1.86
2012.07.13 20:15:28.063,6.1019,6.10282,1.50,1.86
2012.07.13 20:15:28.494,6.1019,6.10233,1.50,1.86
2012.07.13 20:15:28.743,6.1019,6.10283,1.50,1.86
2012.07.13 20:15:30.725,6.10166,6.10263,1.50,1.86
2012.07.13 20:15:30.793,6.10084,6.10263,1.50,1.86
2012.07.13 20:15:30.924,6.10084,6.10263,2.25,1.86
2012.07.13 20:15:31.053,6.10088,6.10302,2.40,1.86
2012.07.13 20:15:35.262,6.10088,6.10302,2.40,1.86
2012.07.13 20:16:05.315,6.10091,6.10302,2.25,1.86
2012.07.13 20:16:06.136,6.10091,6.10302,2.25,1.86
2012.07.13 20:16:31.249,6.10091,6.10385,2.25,1.50
2012.07.13 20:16:36.053,6.10091,6.10385,2.25,1.50
2012.07.13 20:17:37.103,6.10092,6.10385,2.25,1.50
2012.07.13 20:18:07.212,6.10092,6.10385,2.25,1.50
2012.07.13 20:18:37.142,6.10086,6.10373,1.50,1.50
2012.07.13 20:18:48.793,6.10088,6.10385,2.25,1.50
2012.07.13 20:18:58.113,6.10087,6.10396,1.50,1.50
2012.07.13 20:19:02.597,6.1008,6.1037,2.25,1.50
2012.07.13 20:19:26.934,6.10104,6.10386,2.25,1.50
2012.07.13 20:19:29.234,6.10104,6.10392,2.25,1.50
2012.07.13 20:19:40.114,6.10114,6.10373,1.50,1.50
2012.07.13 20:19:41.005,6.10114,6.10373,2.25,1.50
2012.07.13 20:19:54.727,6.10167,6.10383,1.65,2.61
2012.07.13 20:20:02.554,6.10165,6.10352,2.25,1.86
2012.07.13 20:20:19.744,6.10198,6.10412,2.40,1.86
2012.07.13 20:20:50.061,6.10202,6.10412,2.25,1.86
2012.07.13 20:21:19.993,6.10202,6.10438,2.25,1.50
2012.07.13 20:21:20.198,6.10202,6.10438,2.25,1.50
2012.07.13 20:21:40.884,6.10122,6.10438,1.50,1.50
2012.07.13 20:21:41.205,6.10187,6.10392,1.50,2.61
2012.07.13 20:21:43.238,6.10187,6.10385,1.50,1.50
2012.07.13 20:22:01.875,6.10168,6.10385,2.40,1.50
2012.07.13 20:22:11.173,6.10168,6.10381,1.65,1.50
2012.07.13 20:22:41.168,6.10148,6.10382,2.25,1.50
2012.07.13 20:22:43.018,6.10187,6.10382,1.50,1.50
2012.07.13 20:22:59.345,6.10187,6.10382,1.50,1.50
2012.07.13 20:22:59.893,6.10187,6.10362,1.50,1.86
2012.07.13 20:23:03.900,6.10163,6.10362,1.50,1.86
2012.07.13 20:23:03.963,6.10148,6.10362,1.65,1.86
2012.07.13 20:23:44.973,6.10154,6.10362,1.50,1.86
2012.07.13 20:23:47.564,6.10154,6.10322,1.50,1.86
2012.07.13 20:24:04.906,6.1013,6.10322,1.50,1.86
2012.07.13 20:24:04.974,6.10108,6.10322,1.65,1.86
2012.07.13 20:24:13.235,6.10108,6.10322,2.40,1.86
2012.07.13 20:24:13.544,6.10118,6.10322,1.50,1.86
2012.07.13 20:24:14.214,6.10116,6.10322,1.50,1.86
2012.07.13 20:24:25.432,6.10122,6.10322,1.50,1.86
2012.07.13 20:24:45.926,6.10108,6.10322,3.15,1.86
2012.07.13 20:24:47.346,6.10109,6.10322,1.50,1.86
2012.07.13 20:24:47.814,6.10109,6.1037,1.50,1.50
2012.07.13 20:24:47.945,6.10107,6.1037,1.50,1.50
2012.07.13 20:24:50.486,6.10109,6.1037,1.50,1.50
2012.07.13 20:24:50.553,6.10108,6.1037,1.50,1.50
2012.07.13 20:25:06.474,6.10111,6.1037,1.50,1.50
2012.07.13 20:25:14.085,6.10111,6.1037,1.50,1.50
2012.07.13 20:25:15.076,6.10111,6.1037,1.50,1.50
2012.07.13 20:25:27.025,6.10108,6.1037,1.50,1.50
2012.07.13 20:25:28.635,6.10108,6.10273,1.50,1.86
2012.07.13 20:25:35.805,6.10108,6.10273,2.25,1.86
2012.07.13 20:25:35.877,6.10128,6.10342,1.65,2.61
2012.07.13 20:25:35.947,6.10108,6.10292,1.50,1.86
2012.07.13 20:25:47.890,6.10113,6.10292,1.50,1.86
2012.07.13 20:26:07.977,6.10105,6.10292,1.50,1.86
2012.07.13 20:26:09.046,6.10105,6.10243,1.50,1.86
2012.07.13 20:26:09.175,6.10105,6.10292,1.50,1.86
2012.07.13 20:26:20.216,6.10105,6.10273,1.50,1.86
2012.07.13 20:26:28.915,6.10089,6.10273,1.50,1.86
2012.07.13 20:26:35.559,6.10089,6.10242,1.50,1.86
2012.07.13 20:26:42.856,6.10089,6.10272,1.50,1.86
2012.07.13 20:26:50.054,6.10079,6.10272,2.25,1.86
2012.07.13 20:26:54.735,6.10079,6.10272,1.50,1.86
2012.07.13 20:27:10.985,6.10091,6.10272,1.50,1.86
2012.07.13 20:27:20.265,6.10091,6.10243,1.50,1.86
2012.07.13 20:27:20.736,6.10091,6.10243,2.25,1.86
2012.07.13 20:27:20.806,6.10128,6.10342,2.40,1.86
2012.07.13 20:27:22.485,6.10172,6.10342,1.50,1.86
2012.07.13 20:27:43.055,6.10134,6.10342,2.25,1.86
2012.07.13 20:27:50.614,6.10134,6.10342,2.25,1.86
2012.07.13 20:27:51.440,6.10134,6.10342,2.25,1.86
2012.07.13 20:28:20.787,6.10134,6.10463,2.25,1.50
2012.07.13 20:28:21.073,6.10134,6.10463,2.25,1.50
2012.07.13 20:28:42.696,6.10132,6.10342,1.50,1.86
2012.07.13 20:28:44.934,6.10112,6.10322,2.25,1.86
2012.07.13 20:28:49.815,6.10112,6.10292,2.25,1.86
2012.07.13 20:28:57.315,6.10112,6.10292,2.25,1.86
2012.07.13 20:29:02.285,6.10127,6.10343,2.40,1.86
2012.07.13 20:29:02.965,6.1013,6.10343,1.50,1.86
2012.07.13 20:29:11.296,6.10132,6.10343,1.50,1.86
2012.07.13 20:29:38.825,6.10153,6.10293,2.25,1.86
2012.07.13 20:29:38.897,6.10153,6.10323,1.50,2.61
2012.07.13 20:29:39.165,6.10153,6.10322,1.50,2.61
2012.07.13 20:29:39.556,6.10153,6.10322,1.50,2.61
2012.07.13 20:29:39.746,6.10069,6.10322,2.25,2.61
2012.07.13 20:29:42.198,6.10069,6.10242,2.25,1.86
2012.07.13 20:29:43.520,6.10069,6.10322,1.50,2.61
2012.07.13 20:29:43.590,6.10069,6.10322,1.50,2.61
2012.07.13 20:29:44.307,6.10107,6.10323,1.65,2.61
2012.07.13 20:29:44.376,6.10069,6.10322,2.25,1.86
2012.07.13 20:29:44.448,6.10069,6.10322,1.50,2.61
2012.07.13 20:29:45.179,6.10069,6.10243,1.50,1.86
2012.07.13 20:29:51.896,6.10078,6.10292,1.65,2.61
2012.07.13 20:29:51.967,6.10069,6.10243,2.25,1.86
2012.07.13 20:29:52.036,6.10069,6.10243,1.50,1.86
2012.07.13 20:29:52.776,6.10069,6.10222,1.50,1.86
2012.07.13 20:29:57.126,6.10078,6.10222,1.50,1.86
2012.07.13 20:29:57.196,6.10078,6.10273,1.50,1.86
2012.07.13 20:29:59.595,6.10095,6.10273,1.50,1.86
2012.07.13 20:30:19.904,6.10061,6.10273,1.50,1.86
2012.07.13 20:30:29.546,6.10061,6.10273,2.25,1.86
2012.07.13 20:30:34.573,6.10068,6.10273,1.50,1.86
2012.07.13 20:30:34.646,6.10087,6.10303,2.40,1.86
2012.07.13 20:30:39.826,6.10087,6.10303,1.65,1.86
2012.07.13 20:30:40.417,6.10087,6.10303,1.65,2.61
2012.07.13 20:30:43.507,6.10087,6.10303,2.40,1.86
2012.07.13 20:31:13.841,6.10087,6.10303,2.40,1.86
2012.07.13 20:31:35.177,6.10082,6.10391,2.25,1.50
2012.07.13 20:31:50.565,6.10082,6.10372,1.50,1.50
2012.07.13 20:31:50.694,6.10082,6.10372,2.25,1.50
2012.07.13 20:31:56.765,6.10082,6.10282,1.50,1.86
2012.07.13 20:31:58.967,6.10082,6.10282,2.25,1.86
2012.07.13 20:32:00.484,6.10087,6.10303,2.40,2.61
2012.07.13 20:32:01.166,6.10087,6.10303,1.65,2.61
2012.07.13 20:32:07.126,6.10087,6.10303,2.40,2.61
2012.07.13 20:32:16.297,6.10087,6.10303,1.65,2.61
2012.07.13 20:32:25.365,6.10078,6.10282,2.25,1.86
2012.07.13 20:32:26.527,6.10078,6.10282,2.25,1.86
2012.07.13 20:32:27.600,6.10078,6.10282,1.50,2.61
2012.07.13 20:32:27.897,6.10078,6.10282,2.25,1.86
2012.07.13 20:32:31.115,6.10078,6.10282,1.50,1.86
2012.07.13 20:32:31.275,6.10078,6.10282,2.25,1.86
2012.07.13 20:32:34.976,6.10078,6.10282,2.25,1.86
2012.07.13 20:32:37.726,6.10078,6.10282,2.25,1.86
2012.07.13 20:32:38.658,6.10078,6.10282,2.25,1.86
2012.07.13 20:33:05.114,6.10068,6.10282,1.65,1.86
2012.07.13 20:33:16.356,6.10068,6.10282,2.40,1.86
2012.07.13 20:33:16.605,6.10068,6.10282,1.65,1.86
2012.07.13 20:33:21.666,6.10068,6.10282,2.40,1.86
2012.07.13 20:33:26.635,6.10068,6.10282,2.40,1.86
2012.07.13 20:33:26.888,6.10068,6.10282,2.40,1.86
2012.07.13 20:33:28.039,6.10062,6.10345,1.50,1.50
2012.07.13 20:33:33.646,6.10062,6.10345,1.50,1.50
2012.07.13 20:33:39.531,6.10062,6.10345,1.50,1.50
2012.07.13 20:33:41.296,6.10062,6.10345,1.50,1.50
2012.07.13 20:33:43.358,6.10068,6.10345,1.50,1.50
2012.07.13 20:33:58.285,6.10057,6.10253,1.50,1.86
2012.07.13 20:33:58.646,6.10041,6.10253,1.50,1.86
2012.07.13 20:33:59.988,6.10041,6.10253,1.50,1.86
2012.07.13 20:34:00.057,6.10068,6.10283,1.50,1.86
2012.07.13 20:34:07.959,6.1007,6.10283,1.50,1.86
2012.07.13 20:34:15.484,6.10068,6.10283,1.50,1.86
2012.07.13 20:34:29.877,6.10068,6.10283,1.50,1.86
2012.07.13 20:34:30.909,6.10067,6.10283,2.40,2.61
2012.07.13 20:34:33.506,6.10088,6.10302,2.40,1.86
2012.07.13 20:34:33.845,6.10067,6.10283,2.40,2.61
2012.07.13 20:34:35.152,6.10067,6.10283,1.65,2.61
2012.07.13 20:34:45.716,6.10067,6.10283,2.40,2.61
2012.07.13 20:34:45.848,6.10118,6.10332,1.65,2.61
2012.07.13 20:35:15.730,6.10118,6.10332,1.65,2.61
2012.07.13 20:35:45.757,6.10104,6.10394,1.50,1.50
2012.07.13 20:35:46.115,6.10104,6.10394,1.50,1.50
2012.07.13 20:35:48.427,6.10104,6.10394,1.50,1.50
2012.07.13 20:35:49.985,6.10097,6.10394,1.50,1.50
2012.07.13 20:35:53.597,6.10104,6.10394,1.50,1.50
2012.07.13 20:35:54.916,6.10093,6.10394,2.25,1.50
2012.07.13 20:36:01.396,6.10104,6.10394,1.50,1.50
2012.07.13 20:36:02.207,6.10104,6.10399,1.50,1.50
2012.07.13 20:36:03.119,6.10097,6.10399,1.50,1.50
2012.07.13 20:36:13.417,6.10104,6.10399,2.25,1.50
2012.07.13 20:36:22.575,6.10103,6.10408,2.25,1.50
2012.07.13 20:36:33.735,6.10092,6.10408,1.50,1.50
2012.07.13 20:36:33.865,6.10059,6.10444,1.50,1.50
2012.07.13 20:36:34.336,6.10059,6.10444,1.50,1.50
2012.07.13 20:36:53.566,6.10059,6.10444,1.50,1.50
2012.07.13 20:37:07.707,6.10048,6.10419,1.50,1.50
2012.07.13 20:37:10.349,6.10105,6.10418,1.50,1.50
2012.07.13 20:37:10.775,6.10058,6.10419,1.50,1.50
2012.07.13 20:37:10.965,6.10048,6.10418,1.50,1.50
2012.07.13 20:37:18.985,6.10068,6.10444,1.50,1.50
2012.07.13 20:37:29.105,6.10078,6.10444,1.50,1.50
2012.07.13 20:38:11.929,6.10057,6.10444,2.25,1.50
2012.07.13 20:38:17.015,6.10078,6.10444,1.50,1.50
2012.07.13 20:39:00.084,6.10098,6.10542,1.50,1.50
2012.07.13 20:39:03.514,6.10067,6.10513,1.50,1.50
2012.07.13 20:39:03.704,6.10067,6.10513,1.50,1.50
2012.07.13 20:39:03.956,6.10067,6.10323,2.40,1.86
2012.07.13 20:39:04.295,6.10067,6.10323,1.65,1.86
2012.07.13 20:39:17.036,6.10038,6.10252,2.40,1.86
2012.07.13 20:39:17.646,6.10038,6.10252,1.65,1.86
2012.07.13 20:39:32.066,6.10068,6.10282,1.65,1.86
2012.07.13 20:39:32.357,6.10037,6.10253,1.65,1.86
2012.07.13 20:39:34.186,6.10018,6.10232,1.65,1.86
2012.07.13 20:39:35.146,6.10038,6.10252,1.65,1.86
2012.07.13 20:39:46.186,6.10068,6.10282,1.65,1.86
2012.07.13 20:40:22.236,6.10037,6.10253,2.40,1.86
2012.07.13 20:40:22.545,6.10037,6.10253,1.65,1.86
2012.07.13 20:41:08.976,6.10037,6.10253,2.40,1.86
2012.07.13 20:41:22.244,6.09977,6.10456,1.50,1.50
2012.07.13 20:41:22.725,6.10038,6.10494,1.50,1.50
2012.07.13 20:41:28.216,6.10047,6.10466,1.50,1.50
2012.07.13 20:41:31.395,6.10047,6.10459,1.50,1.50
2012.07.13 20:41:34.817,6.10047,6.10467,1.50,1.50
2012.07.13 20:41:43.294,6.10038,6.10482,1.50,1.50
2012.07.13 20:41:43.447,6.10018,6.10467,1.50,1.50
2012.07.13 20:41:43.634,6.10018,6.10462,1.50,1.50
2012.07.13 20:42:47.189,6.10007,6.10453,1.50,1.50
2012.07.13 20:43:15.805,6.10038,6.10439,1.50,1.50
2012.07.13 20:43:20.895,6.10038,6.10439,1.50,1.50
2012.07.13 20:43:37.718,6.10038,6.10273,1.50,1.86
2012.07.13 20:43:40.866,6.10031,6.10233,1.50,1.86
2012.07.13 20:43:41.266,6.10038,6.10252,2.40,1.86
2012.07.13 20:43:46.089,6.10038,6.10252,3.15,1.86
2012.07.13 20:43:47.579,6.10038,6.10252,2.40,1.86
2012.07.13 20:43:48.455,6.10038,6.10252,3.15,1.86
2012.07.13 20:43:52.527,6.10038,6.10252,3.15,1.86
2012.07.13 20:44:00.116,6.10038,6.10252,3.15,1.86
2012.07.13 20:44:02.096,6.10038,6.10252,3.15,1.86
2012.07.13 20:44:02.488,6.10038,6.10252,3.15,1.86
2012.07.13 20:44:05.156,6.10007,6.10202,1.50,1.86
2012.07.13 20:44:05.426,6.10007,6.10202,1.50,1.86
2012.07.13 20:44:06.147,6.1001,6.10202,1.50,1.86
2012.07.13 20:44:10.107,6.10007,6.10202,1.50,1.86
2012.07.13 20:44:10.176,6.1001,6.10202,1.50,1.86
2012.07.13 20:44:10.426,6.1001,6.10202,1.50,1.86
2012.07.13 20:44:11.867,6.10002,6.10202,1.50,1.86
2012.07.13 20:44:12.176,6.10002,6.10202,1.50,1.86
2012.07.13 20:44:12.465,6.09994,6.10202,1.50,1.86
2012.07.13 20:44:12.535,6.09994,6.10202,1.50,1.86
2012.07.13 20:44:15.396,6.09994,6.10202,1.50,1.86
2012.07.13 20:44:15.822,6.10006,6.10202,1.50,1.86
2012.07.13 20:44:17.367,6.10006,6.10202,1.50,1.86
2012.07.13 20:44:26.435,6.10006,6.10202,1.50,1.86
2012.07.13 20:44:29.642,6.10006,6.10202,1.50,1.86
2012.07.13 20:44:39.368,6.10006,6.10202,1.50,1.86
2012.07.13 20:44:40.199,6.10006,6.10202,1.50,1.86
2012.07.13 20:44:51.688,6.10006,6.10202,1.50,1.86
2012.07.13 20:44:52.197,6.10038,6.10252,1.65,1.86
2012.07.13 20:45:04.247,6.10017,6.10233,1.65,1.86
2012.07.13 20:45:06.196,6.10017,6.10233,2.40,1.86
2012.07.13 20:45:06.891,6.10017,6.10233,1.65,1.86
2012.07.13 20:45:07.296,6.09988,6.10202,2.40,1.86
2012.07.13 20:45:07.635,6.09988,6.10202,1.65,1.86
2012.07.13 20:45:08.716,6.09988,6.10202,2.40,1.86
2012.07.13 20:45:17.388,6.0999,6.10202,1.50,1.86
2012.07.13 20:45:17.459,6.09988,6.10202,2.40,1.86
2012.07.13 20:45:18.150,6.09988,6.10202,1.65,1.86
2012.07.13 20:45:35.846,6.09988,6.10202,2.40,1.86
2012.07.13 20:45:36.105,6.09988,6.10202,1.65,1.86
2012.07.13 20:46:07.288,6.09948,6.10482,1.50,1.50
2012.07.13 20:46:08.515,6.09957,6.10453,1.50,1.50
2012.07.13 20:46:08.635,6.09957,6.10453,1.50,1.50
2012.07.13 20:46:12.584,6.09947,6.10443,1.50,1.50
2012.07.13 20:46:22.445,6.09928,6.10422,1.50,1.50
2012.07.13 20:46:26.726,6.09907,6.10403,1.50,1.50
2012.07.13 20:46:30.495,6.09918,6.10372,1.50,1.50
2012.07.13 20:46:33.588,6.09968,6.10202,1.65,1.86
2012.07.13 20:46:33.895,6.09988,6.10222,1.65,1.86
2012.07.13 20:46:38.838,6.10018,6.10232,1.65,1.86
2012.07.13 20:46:42.677,6.09988,6.10202,1.65,1.86
2012.07.13 20:46:48.066,6.09967,6.10183,2.40,1.86
2012.07.13 20:46:48.257,6.09967,6.10183,1.65,1.86
2012.07.13 20:46:48.386,6.09938,6.10152,2.40,1.86
2012.07.13 20:46:48.456,6.09938,6.10152,1.65,1.86
2012.07.13 20:46:48.826,6.09918,6.10132,1.65,1.86
2012.07.13 20:46:50.847,6.09888,6.10202,2.40,1.86
2012.07.13 20:46:51.286,6.09888,6.10202,2.40,1.86
2012.07.13 20:46:51.906,6.09968,6.10202,1.65,1.86
2012.07.13 20:46:54.447,6.09868,6.10122,2.40,1.86
2012.07.13 20:46:54.696,6.09868,6.10122,1.65,1.86
2012.07.13 20:47:02.989,6.09887,6.10223,1.65,1.86
2012.07.13 20:47:03.236,6.09887,6.10223,2.40,1.86
2012.07.13 20:47:04.577,6.09967,6.10183,1.65,1.86
2012.07.13 20:47:19.927,6.09938,6.10252,2.40,1.86
2012.07.13 20:47:20.206,6.09938,6.10252,2.40,1.86
2012.07.13 20:47:22.156,6.10018,6.10232,1.65,1.86
2012.07.13 20:47:23.567,6.09988,6.10202,2.40,1.86
2012.07.13 20:47:23.835,6.09988,6.10202,1.65,1.86
2012.07.13 20:47:27.877,6.09938,6.10152,2.40,1.86
2012.07.13 20:47:28.466,6.09938,6.10152,1.65,1.86
2012.07.13 20:47:29.317,6.09988,6.10202,1.65,1.86
2012.07.13 20:47:29.856,6.09938,6.10152,2.40,1.86
2012.07.13 20:47:30.227,6.09938,6.10152,1.65,1.86
2012.07.13 20:47:38.187,6.09968,6.10182,1.65,1.86
2012.07.13 20:47:38.856,6.09988,6.10202,1.65,1.86
2012.07.13 20:47:41.479,6.09937,6.10153,1.65,1.86
2012.07.13 20:47:42.076,6.09967,6.10183,1.65,1.86
2012.07.13 20:47:42.928,6.09918,6.10132,1.65,1.86
2012.07.13 20:47:44.176,6.09938,6.10152,1.65,1.86
2012.07.13 20:47:50.516,6.09887,6.10103,1.65,1.86
2012.07.13 20:47:51.327,6.09917,6.10223,1.65,1.86
2012.07.13 20:47:51.396,6.09917,6.10153,1.65,1.86
2012.07.13 20:47:51.826,6.09917,6.10223,1.65,1.86
2012.07.13 20:47:51.956,6.09888,6.10122,1.65,1.86
2012.07.13 20:48:05.267,6.09968,6.10182,1.65,1.86
2012.07.13 20:48:05.537,6.09917,6.10133,1.65,1.86
2012.07.13 20:48:06.926,6.09937,6.10153,1.65,1.86
2012.07.13 20:48:07.237,6.09867,6.10083,2.40,1.86
2012.07.13 20:48:07.848,6.09867,6.10083,1.65,1.86
2012.07.13 20:48:08.545,6.09867,6.10083,2.40,1.86
2012.07.13 20:48:09.511,6.09867,6.10083,2.40,1.86
2012.07.13 20:48:10.324,6.09867,6.10083,2.40,1.86
2012.07.13 20:48:11.517,6.09937,6.10153,1.65,1.86
2012.07.13 20:48:12.497,6.09918,6.10132,1.65,1.86
2012.07.13 20:48:12.747,6.09887,6.10103,2.40,1.86
2012.07.13 20:48:13.388,6.09887,6.10103,1.65,1.86
2012.07.13 20:48:13.728,6.09887,6.10223,1.65,1.86
2012.07.13 20:48:18.528,6.09918,6.10132,1.65,1.86
2012.07.13 20:48:30.430,6.09938,6.10152,1.65,1.86
2012.07.13 20:49:15.056,6.09918,6.10132,1.65,1.86
2012.07.13 20:49:41.577,6.09837,6.10053,1.65,1.86
2012.07.13 20:49:46.727,6.09888,6.10102,1.65,1.86
2012.07.13 20:49:59.939,6.09917,6.10133,1.65,1.86
2012.07.13 20:50:01.306,6.09888,6.10102,1.65,1.86
2012.07.13 20:50:10.547,6.09918,6.10132,1.65,1.86
2012.07.13 20:50:11.379,6.09887,6.10103,1.65,1.86
2012.07.13 20:50:13.717,6.09867,6.10083,1.65,1.86
2012.07.13 20:50:14.343,6.09887,6.10103,1.65,1.86
2012.07.13 20:51:05.435,6.09818,6.10032,1.65,1.86
2012.07.13 20:51:18.041,6.09788,6.10002,1.65,1.86
2012.07.13 20:51:27.748,6.09887,6.10123,1.65,1.86
2012.07.13 20:51:29.118,6.09867,6.10083,1.65,1.86
2012.07.13 20:51:38.737,6.09918,6.10132,1.65,1.86
2012.07.13 20:52:18.638,6.09918,6.10132,2.40,1.86
2012.07.13 20:52:20.447,6.09968,6.10182,2.40,1.86
2012.07.13 20:52:20.657,6.09938,6.10152,2.40,1.86
2012.07.13 20:52:20.787,6.09938,6.10152,2.40,1.86
2012.07.13 20:52:20.918,6.09938,6.10152,1.65,1.86
2012.07.13 20:53:20.784,6.09808,6.10433,1.50,1.50
2012.07.13 20:53:32.567,6.09828,6.10402,1.50,1.50
2012.07.13 20:53:33.616,6.09818,6.10192,1.50,1.86
2012.07.13 20:53:33.927,6.09888,6.10192,1.65,1.86
2012.07.13 20:53:36.997,6.09888,6.10152,2.40,1.86
2012.07.13 20:53:37.066,6.09968,6.10182,1.65,1.86
2012.07.13 20:53:49.017,6.09887,6.10153,1.65,1.86
2012.07.13 20:53:49.088,6.09918,6.10132,1.65,1.86
2012.07.13 20:53:49.457,6.09838,6.10152,1.65,1.86
2012.07.13 20:53:52.116,6.09838,6.10152,2.40,1.86
2012.07.13 20:53:52.506,6.09887,6.10153,1.65,1.86
2012.07.13 20:53:53.207,6.09887,6.10103,1.65,1.86
2012.07.13 20:53:53.457,6.09828,6.10102,1.50,1.86
2012.07.13 20:53:53.527,6.09887,6.10103,1.65,1.86
2012.07.13 20:54:26.297,6.09789,6.10103,1.50,1.86
2012.07.13 20:54:26.779,6.09789,6.10103,1.50,1.86
2012.07.13 20:54:27.207,6.09888,6.10102,1.65,1.86
2012.07.13 20:54:31.927,6.09789,6.10102,1.50,1.86
2012.07.13 20:54:32.116,6.09789,6.10102,1.50,1.86
2012.07.13 20:54:32.517,6.09867,6.10083,1.65,1.86
2012.07.13 20:54:35.610,6.09887,6.10103,1.65,1.86
2012.07.13 20:54:37.398,6.09789,6.10103,1.50,1.86
2012.07.13 20:54:37.467,6.09838,6.10102,1.65,1.86
2012.07.13 20:54:37.947,6.09867,6.10083,1.65,1.86
2012.07.13 20:54:40.356,6.09887,6.10103,1.65,1.86
2012.07.13 20:54:54.317,6.09887,6.10103,2.40,1.86
2012.07.13 20:54:54.387,6.09937,6.10153,1.65,1.86
2012.07.13 20:54:55.718,6.09888,6.10102,1.65,1.86
2012.07.13 20:55:02.508,6.09918,6.10132,1.65,1.86
2012.07.13 20:55:10.027,6.09787,6.10152,1.50,1.86
2012.07.13 20:55:10.099,6.09897,6.10133,1.65,1.86
2012.07.13 20:55:10.956,6.09917,6.10153,1.65,1.86
2012.07.13 20:55:11.437,6.09778,6.10153,1.50,1.86
2012.07.13 20:55:11.506,6.09796,6.10153,1.50,1.86
2012.07.13 20:55:11.815,6.09918,6.10152,1.65,1.86
2012.07.13 20:55:11.937,6.09796,6.10152,1.50,1.86
2012.07.13 20:55:12.127,6.09847,6.10153,1.65,1.86
2012.07.13 20:55:14.137,6.09837,6.10153,1.65,1.86
2012.07.13 20:55:15.186,6.09816,6.10153,1.50,1.86
2012.07.13 20:55:15.316,6.09867,6.10153,1.65,1.86
2012.07.13 20:55:15.837,6.09797,6.10153,1.50,1.86
2012.07.13 20:55:15.907,6.09816,6.10153,1.50,1.86
2012.07.13 20:55:16.227,6.09898,6.10132,1.65,1.86
2012.07.13 20:55:18.007,6.09938,6.10152,1.65,1.86
2012.07.13 20:55:37.118,6.09767,6.10083,1.65,1.86
2012.07.13 20:55:40.156,6.09787,6.10083,2.40,1.86
2012.07.13 20:55:40.645,6.09868,6.10082,1.65,1.86
2012.07.13 20:55:58.779,6.09788,6.10002,1.65,1.86
2012.07.13 20:56:23.367,6.09787,6.10083,1.65,1.86
2012.07.13 20:56:26.276,6.09788,6.10102,1.65,1.86
2012.07.13 20:56:29.657,6.09898,6.10132,1.65,1.86
2012.07.13 20:56:30.029,6.09768,6.10102,1.65,1.86
2012.07.13 20:56:36.897,6.09867,6.10083,1.65,1.86
2012.07.13 20:57:08.956,6.09838,6.10052,1.65,1.86
2012.07.13 20:57:11.687,6.09868,6.10082,1.65,1.86
2012.07.13 20:57:12.078,6.09838,6.10052,1.65,1.86
2012.07.13 20:57:15.337,6.09868,6.10082,1.65,1.86
2012.07.13 20:57:33.147,6.09887,6.10103,1.65,1.86
2012.07.13 20:57:42.167,6.09917,6.10133,1.65,1.86
2012.07.13 20:57:43.477,6.09768,6.10102,1.65,1.86
2012.07.13 20:57:44.099,6.09767,6.10083,1.65,1.86
2012.07.13 20:57:46.226,6.09867,6.10083,1.65,1.86
2012.07.13 20:57:46.967,6.09787,6.10083,1.65,1.86
2012.07.13 20:57:47.237,6.09788,6.10102,1.65,1.86
2012.07.13 20:57:48.458,6.09788,6.10102,2.40,1.86
2012.07.13 20:57:48.766,6.09887,6.10103,1.65,1.86
2012.07.13 20:57:52.748,6.09867,6.10083,1.65,1.86
2012.07.13 20:57:57.402,6.09818,6.10032,1.65,1.86
2012.07.13 20:57:57.471,6.09867,6.10083,1.65,1.86
2012.07.13 20:57:57.657,6.09787,6.10103,1.65,1.86
2012.07.13 20:57:58.169,6.09787,6.10103,2.40,1.86
2012.07.13 20:58:00.456,6.09787,6.10103,1.65,1.86
2012.07.13 20:58:03.396,6.09867,6.10083,1.65,1.86
2012.07.13 20:58:04.256,6.09788,6.10102,1.65,1.86
2012.07.13 20:58:04.927,6.09867,6.10083,1.65,1.86
2012.07.13 20:58:06.016,6.09788,6.10102,1.65,1.86
2012.07.13 20:58:06.146,6.09837,6.10103,1.65,1.86
2012.07.13 20:58:07.447,6.09837,6.10053,1.65,1.86
2012.07.13 20:58:11.487,6.09868,6.10082,1.65,1.86
2012.07.13 20:58:15.468,6.09838,6.10052,1.65,1.86
2012.07.13 20:58:16.686,6.09817,6.10033,1.65,1.86
2012.07.13 20:58:30.186,6.09768,6.09982,1.65,1.86
2012.07.13 20:58:32.318,6.09817,6.10123,1.65,1.86
2012.07.13 20:58:34.019,6.09788,6.10102,1.65,1.86
2012.07.13 20:58:45.396,6.09787,6.10003,1.65,1.86
2012.07.13 20:59:01.456,6.09788,6.10102,1.65,1.86
2012.07.13 20:59:04.275,6.09838,6.10102,1.65,1.86
2012.07.13 20:59:07.879,6.09868,6.10082,1.65,1.86
2012.07.13 20:59:08.394,6.09787,6.10103,1.65,1.86
2012.07.13 20:59:10.925,6.09948,6.10182,1.65,1.86
2012.07.13 20:59:11.105,6.09767,6.10153,1.65,1.86
2012.07.13 20:59:11.406,6.09777,6.10153,0.75,1.86
2012.07.13 20:59:15.825,6.09947,6.10183,1.65,1.86
2012.07.13 20:59:15.944,6.09817,6.10153,1.65,1.86
2012.07.13 20:59:16.005,6.09897,6.10153,0.75,1.86
2012.07.13 20:59:16.346,6.09948,6.10182,1.65,1.86
2012.07.13 20:59:17.355,6.09818,6.10152,1.65,1.86
2012.07.13 20:59:19.144,6.09837,6.10053,1.65,1.86
2012.07.13 20:59:26.599,6.09768,6.09982,2.40,1.86
