2010.10.11 17:00:02.729,5.8491,5.85105,1.60,1.60
2010.10.11 17:00:04.547,5.8487,5.85105,1.60,1.60
2010.10.11 17:00:06.211,5.8487,5.8506,1.60,1.60
2010.10.11 17:00:06.778,5.8487,5.85105,1.60,1.60
2010.10.11 17:00:09.479,5.8491,5.85105,1.60,1.60
2010.10.11 17:00:30.723,5.84955,5.85145,1.60,1.60
2010.10.11 17:00:32.672,5.8491,5.85105,1.60,1.60
2010.10.11 17:00:37.409,5.8491,5.8508,1.60,2.40
2010.10.11 17:00:37.638,5.84835,5.8508,2.40,2.40
2010.10.11 17:00:37.869,5.84805,5.8508,1.60,2.40
2010.10.11 17:00:39.021,5.84815,5.8508,1.60,2.40
2010.10.11 17:00:39.272,5.84805,5.8508,1.60,2.40
2010.10.11 17:00:39.522,5.84825,5.8508,1.60,2.40
2010.10.11 17:00:40.529,5.8487,5.8508,1.60,2.40
2010.10.11 17:00:41.158,5.84815,5.8508,1.60,2.40
2010.10.11 17:00:44.255,5.84785,5.8508,1.60,2.40
2010.10.11 17:00:47.826,5.84795,5.8508,1.60,2.40
2010.10.11 17:00:48.055,5.84795,5.8508,3.20,2.40
2010.10.11 17:00:48.470,5.84795,5.8508,3.40,2.40
2010.10.11 17:00:49.377,5.84805,5.8508,1.60,2.40
2010.10.11 17:00:51.034,5.84815,5.8508,1.60,2.40
2010.10.11 17:00:51.906,5.84805,5.8508,1.60,2.40
2010.10.11 17:00:52.202,5.84795,5.8508,3.40,2.40
2010.10.11 17:00:52.780,5.84795,5.8508,1.80,2.40
2010.10.11 17:00:55.208,5.84805,5.8508,1.60,2.40
2010.10.11 17:01:09.680,5.8481,5.8508,1.00,2.40
2010.10.11 17:01:15.649,5.848,5.8508,2.60,2.40
2010.10.11 17:01:25.248,5.848,5.8508,2.40,2.40
2010.10.11 17:01:25.587,5.84795,5.8508,1.60,2.40
2010.10.11 17:01:26.328,5.84795,5.8508,1.80,2.40
2010.10.11 17:01:31.151,5.84795,5.8508,1.60,2.40
2010.10.11 17:01:31.499,5.84775,5.8508,4.00,2.40
2010.10.11 17:01:31.608,5.84775,5.8508,1.60,2.40
2010.10.11 17:01:37.083,5.8477,5.8508,2.60,2.40
2010.10.11 17:01:37.456,5.8477,5.8508,2.40,2.40
2010.10.11 17:01:40.607,5.84795,5.8508,1.00,2.40
2010.10.11 17:01:40.717,5.84795,5.8508,1.80,2.40
2010.10.11 17:01:50.498,5.84795,5.8508,3.40,2.40
2010.10.11 17:02:10.717,5.84835,5.8508,1.00,2.40
2010.10.11 17:02:10.941,5.8484,5.8508,1.60,2.40
2010.10.11 17:02:13.648,5.84815,5.8508,1.60,2.40
2010.10.11 17:02:17.696,5.84805,5.8508,1.60,2.40
2010.10.11 17:02:21.410,5.848,5.8508,2.60,2.40
2010.10.11 17:03:15.317,5.848,5.8508,1.00,2.40
2010.10.11 17:03:23.371,5.8482,5.8508,1.00,2.40
2010.10.11 17:03:23.759,5.8484,5.8508,1.60,2.40
2010.10.11 17:03:25.699,5.84805,5.8508,1.00,2.40
2010.10.11 17:03:26.479,5.8481,5.8508,1.00,2.40
2010.10.11 17:03:27.660,5.8482,5.8508,1.00,2.40
2010.10.11 17:03:28.006,5.8481,5.8508,2.40,2.40
2010.10.11 17:03:28.291,5.848,5.8508,2.60,2.40
2010.10.11 17:03:45.711,5.848,5.8508,2.40,2.40
2010.10.11 17:03:46.217,5.84795,5.8508,1.60,2.40
2010.10.11 17:03:46.441,5.8477,5.8508,2.40,2.40
2010.10.11 17:03:48.741,5.8478,5.8508,2.60,2.40
2010.10.11 17:03:48.940,5.84795,5.8508,1.80,2.40
2010.10.11 17:03:49.537,5.84815,5.8508,1.00,2.40
2010.10.11 17:03:50.080,5.84805,5.8508,1.00,2.40
2010.10.11 17:03:51.636,5.8481,5.8508,1.00,2.40
2010.10.11 17:03:52.609,5.848,5.8508,2.60,2.40
2010.10.11 17:03:55.402,5.8488,5.8508,1.60,2.40
2010.10.11 17:03:55.669,5.8488,5.8516,1.80,2.40
2010.10.11 17:03:58.588,5.8488,5.8516,1.60,2.40
2010.10.11 17:03:59.483,5.8485,5.8516,2.40,2.40
2010.10.11 17:03:59.953,5.84855,5.8516,1.00,2.40
2010.10.11 17:04:00.858,5.8485,5.8516,1.00,2.40
2010.10.11 17:04:01.198,5.8484,5.8516,1.60,2.60
2010.10.11 17:04:01.461,5.8484,5.85145,1.60,1.60
2010.10.11 17:04:01.998,5.8481,5.8511,2.60,2.40
2010.10.11 17:04:02.265,5.848,5.8511,2.60,2.40
2010.10.11 17:04:02.611,5.848,5.8511,1.00,2.40
2010.10.11 17:04:02.952,5.848,5.8504,1.00,1.60
2010.10.11 17:04:03.300,5.84795,5.8504,1.60,1.60
2010.10.11 17:04:05.271,5.84805,5.8504,1.60,1.60
2010.10.11 17:04:05.450,5.84805,5.8511,1.60,2.40
2010.10.11 17:04:06.920,5.84795,5.85105,5.60,1.60
2010.10.11 17:04:07.211,5.84795,5.85105,1.60,1.60
2010.10.11 17:04:07.377,5.8477,5.85095,2.40,1.00
2010.10.11 17:04:08.111,5.8477,5.85095,2.40,1.80
2010.10.11 17:04:11.552,5.84795,5.85095,1.60,1.60
2010.10.11 17:04:11.832,5.84795,5.85105,1.60,1.60
2010.10.11 17:04:12.164,5.84795,5.85105,1.80,1.60
2010.10.11 17:04:13.554,5.84795,5.85105,1.80,1.80
2010.10.11 17:04:20.043,5.848,5.8511,1.00,2.40
2010.10.11 17:04:20.474,5.84835,5.8511,1.00,2.40
2010.10.11 17:04:20.825,5.8484,5.8511,1.60,2.40
2010.10.11 17:04:21.411,5.8481,5.8511,2.40,2.40
2010.10.11 17:04:21.765,5.8481,5.8511,1.00,2.40
2010.10.11 17:04:25.360,5.84805,5.8511,1.60,2.40
2010.10.11 17:04:42.784,5.84845,5.85155,1.00,2.40
2010.10.11 17:04:43.090,5.84845,5.8516,1.00,2.40
2010.10.11 17:04:47.502,5.8484,5.8516,1.60,2.60
2010.10.11 17:04:47.823,5.8484,5.85155,1.60,1.00
2010.10.11 17:04:48.140,5.8484,5.85145,1.60,1.60
2010.10.11 17:04:48.709,5.8484,5.85145,1.80,1.60
2010.10.11 17:04:49.399,5.8484,5.85145,1.60,1.80
2010.10.11 17:04:49.616,5.84815,5.8511,4.00,2.40
2010.10.11 17:04:49.829,5.84815,5.8511,1.60,2.40
2010.10.11 17:04:50.293,5.8481,5.8511,1.00,2.40
2010.10.11 17:04:52.821,5.84805,5.8511,1.60,2.40
2010.10.11 17:04:53.433,5.848,5.85105,2.40,1.60
2010.10.11 17:04:53.621,5.84795,5.851,1.60,1.00
2010.10.11 17:04:54.506,5.84795,5.85105,1.80,1.60
2010.10.11 17:04:55.161,5.8484,5.85105,1.00,1.60
2010.10.11 17:04:55.476,5.8484,5.8511,1.80,2.40
2010.10.11 17:04:56.128,5.8484,5.8511,1.60,2.40
2010.10.11 17:05:19.182,5.84855,5.8511,1.00,2.40
2010.10.11 17:05:19.537,5.84965,5.85145,1.60,1.60
2010.10.11 17:05:36.023,5.8494,5.85145,1.60,1.60
2010.10.11 17:05:36.534,5.8494,5.85105,1.60,1.60
2010.10.11 17:06:15.352,5.8494,5.85145,1.60,1.60
2010.10.11 17:06:17.203,5.84985,5.85145,1.60,1.60
2010.10.11 17:06:17.444,5.8494,5.85145,1.60,1.60
2010.10.11 17:06:34.909,5.84985,5.85145,1.60,1.60
2010.10.11 17:06:35.318,5.8494,5.85145,1.60,1.60
2010.10.11 17:07:50.313,5.8494,5.85105,1.60,1.60
2010.10.11 17:08:10.619,5.8494,5.85145,1.60,1.60
2010.10.11 17:08:57.959,5.8494,5.85105,1.60,1.60
2010.10.11 17:09:01.324,5.84985,5.85145,1.60,1.60
2010.10.11 17:09:18.480,5.8494,5.85145,1.60,1.60
2010.10.11 17:09:23.238,5.84985,5.85145,1.60,1.60
2010.10.11 17:09:25.330,5.85025,5.8519,1.60,4.00
2010.10.11 17:09:25.682,5.84985,5.8519,1.60,4.00
2010.10.11 17:09:30.125,5.85025,5.8519,1.60,2.40
2010.10.11 17:09:30.420,5.85025,5.8523,1.60,1.60
2010.10.11 17:09:37.961,5.85025,5.8519,1.60,1.60
2010.10.11 17:09:47.148,5.84985,5.8519,1.60,1.60
2010.10.11 17:10:23.957,5.84985,5.85145,1.60,1.60
2010.10.11 17:10:24.183,5.84985,5.8519,1.60,4.00
2010.10.11 17:10:34.940,5.84985,5.8519,1.60,2.40
2010.10.11 17:10:46.039,5.84985,5.85185,1.60,1.60
2010.10.11 17:10:46.279,5.84985,5.8519,1.60,2.40
2010.10.11 17:10:52.677,5.84985,5.85225,1.60,1.60
2010.10.11 17:10:57.030,5.85025,5.85225,1.60,1.60
2010.10.11 17:10:57.152,5.84985,5.85185,1.60,1.60
2010.10.11 17:10:57.530,5.84985,5.85225,1.60,1.60
2010.10.11 17:11:15.537,5.85025,5.85225,1.60,1.60
2010.10.11 17:11:18.592,5.85025,5.8525,1.60,2.40
2010.10.11 17:11:22.696,5.85065,5.85265,1.60,1.60
2010.10.11 17:11:25.295,5.85065,5.853,1.60,2.40
2010.10.11 17:11:35.441,5.85065,5.85265,1.60,1.60
2010.10.11 17:11:48.449,5.85065,5.853,1.60,2.40
2010.10.11 17:11:51.081,5.8511,5.853,1.60,2.40
2010.10.11 17:11:52.488,5.8511,5.8535,1.60,1.60
2010.10.11 17:11:54.341,5.8511,5.8531,1.60,1.60
2010.10.11 17:11:55.581,5.85145,5.8531,1.60,1.60
2010.10.11 17:11:59.970,5.85145,5.8535,1.60,1.60
2010.10.11 17:12:05.950,5.85185,5.8535,1.60,1.60
2010.10.11 17:12:30.618,5.8523,5.8538,1.60,2.40
2010.10.11 17:12:30.854,5.85185,5.85395,1.60,1.60
2010.10.11 17:12:37.449,5.8523,5.85395,1.60,1.60
2010.10.11 17:12:52.647,5.8523,5.85355,1.60,1.00
2010.10.11 17:12:52.698,5.8514,5.85285,1.00,1.60
2010.10.11 17:12:52.735,5.8513,5.85285,2.40,1.60
2010.10.11 17:12:52.858,5.85105,5.8526,2.40,2.40
2010.10.11 17:12:52.890,5.85105,5.85245,2.40,1.00
2010.10.11 17:12:52.920,5.8489,5.85245,1.00,1.00
2010.10.11 17:12:52.990,5.8489,5.85205,1.00,2.40
2010.10.11 17:12:54.410,5.849,5.8515,1.00,2.40
2010.10.11 17:12:57.339,5.849,5.85145,1.00,2.40
2010.10.11 17:13:00.957,5.849,5.8515,1.00,2.40
2010.10.11 17:13:06.493,5.849,5.8511,1.00,2.40
2010.10.11 17:13:06.794,5.84865,5.8511,1.00,2.40
2010.10.11 17:13:07.490,5.8488,5.8511,1.00,2.40
2010.10.11 17:13:07.816,5.8488,5.8512,1.00,2.40
2010.10.11 17:13:08.781,5.8488,5.85125,1.00,2.40
2010.10.11 17:13:09.122,5.849,5.85125,1.00,2.40
2010.10.11 17:13:09.713,5.849,5.85145,1.00,2.40
2010.10.11 17:13:18.678,5.85075,5.85145,1.60,2.40
2010.10.11 17:13:18.778,5.85075,5.85305,1.60,1.00
2010.10.11 17:13:18.878,5.85085,5.85415,1.00,1.60
2010.10.11 17:13:22.641,5.85105,5.8538,1.00,1.00
2010.10.11 17:13:22.980,5.85105,5.8535,1.00,1.60
2010.10.11 17:13:28.969,5.85115,5.8535,1.60,1.60
2010.10.11 17:13:31.428,5.8513,5.8535,1.60,1.60
2010.10.11 17:13:32.358,5.8513,5.85395,1.60,1.60
2010.10.11 17:13:33.088,5.8513,5.85395,1.60,1.80
2010.10.11 17:13:33.249,5.8513,5.8535,1.60,1.60
2010.10.11 17:13:36.539,5.85145,5.8535,1.60,1.60
2010.10.11 17:13:40.604,5.851,5.8535,1.60,1.60
2010.10.11 17:13:41.650,5.8511,5.8535,1.60,1.60
2010.10.11 17:13:42.239,5.8511,5.8531,1.60,1.60
2010.10.11 17:13:44.023,5.8515,5.8535,1.60,1.60
2010.10.11 17:13:45.732,5.8511,5.8535,1.60,1.60
2010.10.11 17:13:49.659,5.85075,5.8535,1.60,1.60
2010.10.11 17:13:50.273,5.85075,5.8535,1.60,1.80
2010.10.11 17:13:50.449,5.85075,5.8531,1.60,1.60
2010.10.11 17:13:56.307,5.85075,5.8535,1.60,1.60
2010.10.11 17:13:56.478,5.85075,5.8535,1.80,1.60
2010.10.11 17:13:56.731,5.85115,5.8535,1.60,1.60
2010.10.11 17:13:57.761,5.85075,5.8535,1.60,1.60
2010.10.11 17:14:01.880,5.85075,5.8531,1.60,1.60
2010.10.11 17:14:02.119,5.85075,5.8535,1.60,1.60
2010.10.11 17:14:03.072,5.85115,5.8535,1.60,1.60
2010.10.11 17:14:07.738,5.8515,5.8535,1.60,1.60
2010.10.11 17:14:20.288,5.8515,5.85395,1.60,1.60
2010.10.11 17:14:20.635,5.8515,5.8535,1.60,1.60
2010.10.11 17:14:32.889,5.8515,5.85395,1.60,1.60
2010.10.11 17:14:35.740,5.8515,5.8535,1.60,1.60
2010.10.11 17:14:39.294,5.8515,5.85395,1.60,1.60
2010.10.11 17:14:43.045,5.85195,5.85395,1.60,1.60
2010.10.11 17:14:43.320,5.8515,5.85395,1.60,1.60
2010.10.11 17:14:46.250,5.85195,5.85395,1.60,1.60
2010.10.11 17:14:46.458,5.8515,5.85395,1.60,1.60
2010.10.11 17:14:46.664,5.8515,5.8535,1.60,1.60
2010.10.11 17:14:49.672,5.8515,5.85395,1.60,1.60
2010.10.11 17:14:53.176,5.85195,5.85395,1.60,1.60
2010.10.11 17:14:54.951,5.8515,5.8535,1.60,1.60
2010.10.11 17:14:55.508,5.8515,5.85395,1.60,1.60
2010.10.11 17:15:06.087,5.8515,5.8535,1.60,1.60
2010.10.11 17:15:09.831,5.85195,5.85395,1.60,1.60
2010.10.11 17:15:09.911,5.8515,5.85395,1.60,1.60
2010.10.11 17:15:13.206,5.85195,5.85395,1.60,1.60
2010.10.11 17:15:18.894,5.85195,5.85435,1.60,1.60
2010.10.11 17:15:23.076,5.85195,5.85395,1.60,1.60
2010.10.11 17:15:26.251,5.85195,5.85435,1.60,1.60
2010.10.11 17:15:40.813,5.85235,5.85435,1.60,1.60
2010.10.11 17:15:41.167,5.85195,5.85435,1.60,1.60
2010.10.11 17:15:53.355,5.85195,5.85395,1.60,1.60
2010.10.11 17:15:54.140,5.85195,5.85435,1.60,1.60
2010.10.11 17:16:12.488,5.85235,5.854,1.60,1.60
2010.10.11 17:16:28.729,5.8515,5.85355,2.00,1.60
2010.10.11 17:16:28.803,5.8515,5.85355,1.60,1.60
2010.10.11 17:16:29.387,5.85195,5.85355,1.60,1.60
2010.10.11 17:16:29.679,5.8515,5.85355,1.60,1.60
2010.10.11 17:16:50.176,5.85195,5.85355,1.60,1.60
2010.10.11 17:16:50.324,5.8515,5.85355,1.60,1.60
2010.10.11 17:17:24.934,5.8515,5.85315,1.60,1.60
2010.10.11 17:17:35.564,5.8511,5.85315,1.60,1.60
2010.10.11 17:18:50.588,5.8515,5.85315,1.60,1.60
2010.10.11 17:19:08.463,5.8511,5.85315,1.60,1.60
2010.10.11 17:19:13.593,5.8511,5.85275,1.60,1.60
2010.10.11 17:19:13.993,5.85065,5.85275,1.60,1.60
2010.10.11 17:19:27.553,5.85065,5.8523,1.60,1.60
2010.10.11 17:20:35.512,5.8511,5.85275,1.60,1.60
2010.10.11 17:20:36.240,5.8511,5.85315,1.60,1.60
2010.10.11 17:20:36.475,5.8515,5.85355,1.60,1.60
2010.10.11 17:20:37.232,5.8515,5.85315,1.60,1.60
2010.10.11 17:20:38.167,5.85115,5.85315,1.60,1.60
2010.10.11 17:20:40.220,5.85115,5.8535,1.60,1.60
2010.10.11 17:20:46.426,5.85075,5.8535,1.60,1.80
2010.10.11 17:20:46.677,5.85075,5.8531,1.60,1.60
2010.10.11 17:20:54.365,5.8503,5.8531,1.60,4.00
2010.10.11 17:20:57.741,5.85075,5.8531,1.60,4.00
2010.10.11 17:21:10.027,5.85075,5.8531,1.60,2.40
2010.10.11 17:21:10.707,5.85115,5.8535,1.60,1.60
2010.10.11 17:21:10.814,5.85115,5.8536,1.60,2.40
2010.10.11 17:21:12.489,5.85115,5.8535,1.60,1.60
2010.10.11 17:21:13.742,5.85075,5.8535,1.60,1.60
2010.10.11 17:21:14.898,5.85075,5.8531,1.60,1.60
2010.10.11 17:21:18.801,5.85075,5.8535,1.60,1.60
2010.10.11 17:21:19.939,5.85075,5.8531,1.60,1.60
2010.10.11 17:21:25.771,5.8503,5.8531,1.60,4.00
2010.10.11 17:22:14.140,5.8503,5.85265,1.60,1.60
2010.10.11 17:23:34.739,5.8503,5.8531,1.60,4.00
2010.10.11 17:23:48.530,5.8503,5.85265,1.60,1.60
2010.10.11 17:24:20.712,5.84995,5.85225,1.60,1.60
2010.10.11 17:24:20.773,5.8499,5.85225,1.60,1.60
2010.10.11 17:24:21.231,5.84945,5.85185,1.60,1.60
2010.10.11 17:24:21.275,5.84945,5.85225,1.60,1.60
2010.10.11 17:24:25.411,5.84945,5.85185,1.60,1.60
2010.10.11 17:24:44.791,5.84945,5.85225,1.60,1.60
2010.10.11 17:24:47.025,5.84945,5.85185,1.60,1.60
2010.10.11 17:24:47.351,5.84945,5.85225,1.60,1.60
2010.10.11 17:25:42.960,5.84945,5.85185,1.60,1.60
2010.10.11 17:25:54.944,5.84945,5.8519,1.60,2.40
2010.10.11 17:26:06.079,5.84945,5.85185,1.60,1.60
2010.10.11 17:26:06.692,5.84905,5.85185,3.20,1.60
2010.10.11 17:26:06.763,5.84945,5.85185,1.60,1.60
2010.10.11 17:26:58.979,5.84945,5.8519,1.60,2.40
2010.10.11 17:27:20.786,5.84945,5.85185,1.60,1.60
2010.10.11 17:27:21.553,5.84905,5.85185,1.60,1.60
2010.10.11 17:27:26.907,5.84945,5.85185,1.60,1.60
2010.10.11 17:27:35.968,5.84945,5.85175,1.60,1.00
2010.10.11 17:27:36.250,5.84905,5.8514,1.60,1.60
2010.10.11 17:27:36.851,5.84905,5.85185,1.60,1.60
2010.10.11 17:27:38.914,5.84905,5.8514,1.60,1.60
2010.10.11 17:27:50.763,5.84905,5.85135,1.60,1.00
2010.10.11 17:27:51.078,5.8486,5.851,1.60,1.60
2010.10.11 17:27:51.223,5.8486,5.8511,1.60,2.40
2010.10.11 17:27:51.352,5.84865,5.8511,1.00,2.40
2010.10.11 17:27:51.485,5.84905,5.8511,1.60,2.40
2010.10.11 17:27:54.882,5.84905,5.8511,1.80,2.40
2010.10.11 17:27:55.291,5.84945,5.85185,1.60,1.60
2010.10.11 17:28:02.103,5.8495,5.85185,1.00,1.60
2010.10.11 17:28:02.669,5.84945,5.8519,1.60,2.40
2010.10.11 17:29:29.419,5.84945,5.8519,1.60,2.40
2010.10.11 17:29:30.607,5.84945,5.85185,1.60,1.60
2010.10.11 17:30:01.711,5.84905,5.85185,1.60,1.60
2010.10.11 17:30:10.452,5.8491,5.85185,1.00,1.60
2010.10.11 17:30:11.672,5.84905,5.85185,1.60,1.80
2010.10.11 17:30:11.809,5.84905,5.8514,1.60,1.60
2010.10.11 17:30:13.363,5.8486,5.8514,1.60,4.00
2010.10.11 17:30:15.064,5.8486,5.851,1.60,1.60
2010.10.11 17:30:22.108,5.8482,5.851,1.60,1.60
2010.10.11 17:30:25.976,5.84855,5.851,1.60,1.60
2010.10.11 17:30:39.433,5.84855,5.8508,1.60,1.00
2010.10.11 17:30:39.768,5.84815,5.85055,1.60,1.60
2010.10.11 17:30:39.821,5.84815,5.85015,1.60,1.60
2010.10.11 17:30:50.832,5.84815,5.85055,1.60,1.60
2010.10.11 17:31:08.836,5.84815,5.85015,1.60,1.60
2010.10.11 17:31:12.250,5.84815,5.85055,1.60,1.60
2010.10.11 17:31:24.164,5.84855,5.85055,1.60,1.60
2010.10.11 17:31:24.633,5.84855,5.8508,1.60,2.40
2010.10.11 17:31:37.627,5.849,5.8508,1.60,2.40
2010.10.11 17:31:38.012,5.849,5.851,1.60,1.60
2010.10.11 17:31:47.437,5.84855,5.851,1.60,1.60
2010.10.11 17:31:49.959,5.849,5.851,1.60,1.60
2010.10.11 17:31:54.542,5.849,5.8513,1.60,2.40
2010.10.11 17:32:00.241,5.8494,5.8513,1.60,2.40
2010.10.11 17:32:01.296,5.84985,5.85185,1.60,1.60
2010.10.11 17:32:01.899,5.8494,5.85185,1.60,1.60
2010.10.11 17:32:05.863,5.8494,5.8514,1.60,1.60
2010.10.11 17:32:15.322,5.84985,5.85185,1.60,1.60
2010.10.11 17:32:15.754,5.8494,5.85185,1.60,1.60
2010.10.11 17:32:47.465,5.8494,5.8514,1.60,1.60
2010.10.11 17:33:21.275,5.849,5.851,1.60,1.60
2010.10.11 17:33:21.902,5.84855,5.851,1.60,1.60
2010.10.11 17:34:05.172,5.849,5.851,1.60,1.60
2010.10.11 17:34:06.042,5.84855,5.851,1.60,1.60
2010.10.11 17:34:26.444,5.84855,5.85055,1.60,1.60
2010.10.11 17:34:26.744,5.84815,5.85055,1.60,1.60
2010.10.11 17:34:28.252,5.84815,5.8502,1.60,1.60
2010.10.11 17:34:48.749,5.84815,5.8498,1.60,1.60
2010.10.11 17:35:20.512,5.8477,5.84935,1.60,1.60
2010.10.11 17:35:20.574,5.8473,5.84935,1.60,1.60
2010.10.11 17:36:08.912,5.8473,5.84895,1.60,1.60
2010.10.11 17:36:14.732,5.8477,5.84935,1.60,1.60
2010.10.11 17:36:16.165,5.8473,5.84935,1.60,1.60
2010.10.11 17:36:16.676,5.8477,5.84935,1.60,1.60
2010.10.11 17:36:19.645,5.8473,5.84935,1.60,1.60
2010.10.11 17:36:23.025,5.8473,5.84895,1.60,1.60
2010.10.11 17:36:29.683,5.8473,5.84935,1.60,1.60
2010.10.11 17:36:33.131,5.8473,5.84895,1.60,1.60
2010.10.11 17:36:37.123,5.8469,5.84895,1.60,1.60
2010.10.11 17:36:45.086,5.8473,5.84895,1.60,1.60
2010.10.11 17:36:52.427,5.8469,5.84895,1.60,1.60
2010.10.11 17:36:52.874,5.8469,5.8485,1.60,1.60
2010.10.11 17:37:07.581,5.84645,5.8485,1.60,1.60
2010.10.11 17:37:08.055,5.84645,5.8481,1.60,1.60
2010.10.11 17:37:08.211,5.84645,5.84845,1.60,1.60
2010.10.11 17:37:08.604,5.84645,5.8481,1.60,1.60
2010.10.11 17:37:11.108,5.84645,5.84795,1.60,1.00
2010.10.11 17:37:11.449,5.84645,5.84725,1.60,1.60
2010.10.11 17:37:12.033,5.845,5.84725,1.60,3.20
2010.10.11 17:37:12.113,5.845,5.84685,1.60,1.60
2010.10.11 17:37:12.193,5.845,5.84725,1.60,1.60
2010.10.11 17:37:12.272,5.845,5.84725,1.60,3.20
2010.10.11 17:37:15.683,5.8452,5.84685,1.60,1.60
2010.10.11 17:37:16.493,5.8452,5.84705,1.60,1.60
2010.10.11 17:37:16.766,5.8456,5.84735,1.60,1.60
2010.10.11 17:37:17.034,5.8456,5.84755,1.60,1.60
2010.10.11 17:37:17.519,5.8456,5.84725,1.60,1.60
2010.10.11 17:37:26.392,5.8452,5.84685,1.60,1.60
2010.10.11 17:37:34.657,5.84475,5.8464,1.60,1.60
2010.10.11 17:37:45.578,5.8452,5.84685,1.60,1.60
2010.10.11 17:38:17.220,5.8452,5.8469,1.60,2.40
2010.10.11 17:38:17.277,5.8452,5.84725,1.60,3.20
2010.10.11 17:38:17.333,5.8452,5.84725,1.60,1.60
2010.10.11 17:38:35.853,5.8452,5.84685,1.60,1.60
2010.10.11 17:38:36.581,5.84475,5.84685,1.60,1.60
2010.10.11 17:38:51.433,5.84475,5.84685,1.60,1.60
2010.10.11 17:38:55.274,5.84475,5.8464,1.60,1.60
2010.10.11 17:39:03.461,5.84475,5.84675,1.60,1.60
2010.10.11 17:39:09.642,5.84475,5.8472,1.60,4.00
2010.10.11 17:39:12.197,5.84475,5.84715,1.60,1.60
2010.10.11 17:39:12.294,5.84475,5.84675,1.60,1.60
2010.10.11 17:39:14.757,5.84435,5.84635,1.60,1.60
2010.10.11 17:39:15.387,5.84395,5.84635,1.60,1.60
2010.10.11 17:39:15.685,5.84395,5.84595,1.60,1.60
2010.10.11 17:39:20.984,5.8435,5.84595,1.60,1.60
2010.10.11 17:39:21.714,5.8435,5.8455,1.60,1.60
2010.10.11 17:39:26.243,5.84395,5.8458,1.60,2.40
2010.10.11 17:39:27.031,5.84395,5.84635,1.60,1.60
2010.10.11 17:39:29.234,5.84435,5.84635,1.60,1.60
2010.10.11 17:39:29.841,5.84435,5.8466,1.60,2.40
2010.10.11 17:39:33.207,5.84475,5.8466,1.60,2.40
2010.10.11 17:39:33.290,5.84475,5.8471,1.60,2.40
2010.10.11 17:39:44.138,5.84475,5.84675,1.60,1.60
2010.10.11 17:39:45.176,5.84435,5.84675,1.60,1.60
2010.10.11 17:39:46.246,5.84475,5.84675,1.60,1.60
2010.10.11 17:39:47.295,5.84435,5.84675,1.60,1.60
2010.10.11 17:39:52.687,5.84435,5.84635,1.60,1.60
2010.10.11 17:40:10.823,5.84395,5.84635,1.60,1.60
2010.10.11 17:40:22.291,5.84435,5.84635,1.60,1.60
2010.10.11 17:40:23.176,5.84435,5.8466,1.60,2.40
2010.10.11 17:40:39.536,5.84475,5.8471,1.60,2.40
2010.10.11 17:40:43.971,5.84515,5.8471,1.60,2.40
2010.10.11 17:40:46.418,5.84555,5.8471,1.60,2.40
2010.10.11 17:40:46.678,5.84555,5.8472,1.60,1.60
2010.10.11 17:40:50.085,5.84515,5.84675,1.60,1.60
2010.10.11 17:40:57.623,5.84515,5.8472,1.60,1.60
2010.10.11 17:40:58.025,5.84515,5.84675,1.60,1.60
2010.10.11 17:41:09.993,5.84555,5.8472,1.60,1.60
2010.10.11 17:41:21.675,5.84515,5.8472,1.60,1.60
2010.10.11 17:41:25.353,5.84555,5.8472,1.60,1.60
2010.10.11 17:41:35.414,5.8452,5.8465,1.60,1.60
2010.10.11 17:41:46.422,5.8452,5.84605,1.60,1.00
2010.10.11 17:41:46.543,5.8436,5.84605,2.40,1.00
2010.10.11 17:41:46.643,5.8432,5.84605,1.00,1.00
2010.10.11 17:41:46.743,5.843,5.84605,1.00,1.00
2010.10.11 17:41:48.886,5.843,5.84605,1.00,1.00
2010.10.11 17:41:48.972,5.843,5.84515,1.00,2.40
2010.10.11 17:41:49.049,5.84285,5.84515,1.00,4.80
2010.10.11 17:41:49.126,5.84285,5.8449,1.00,2.40
2010.10.11 17:42:02.962,5.84285,5.8445,1.00,2.40
2010.10.11 17:42:03.330,5.8426,5.8445,1.00,2.40
2010.10.11 17:42:06.014,5.84275,5.8445,1.00,2.40
2010.10.11 17:42:06.071,5.84275,5.8447,1.00,2.40
2010.10.11 17:42:42.895,5.8424,5.8447,1.00,2.40
2010.10.11 17:42:43.019,5.8422,5.8443,1.00,2.40
2010.10.11 17:42:43.139,5.84215,5.8443,1.00,2.40
2010.10.11 17:42:43.654,5.84215,5.84415,1.00,2.40
2010.10.11 17:42:55.612,5.84205,5.84415,1.00,2.40
2010.10.11 17:42:55.893,5.84205,5.8443,1.00,2.40
2010.10.11 17:42:58.283,5.84225,5.8443,1.00,2.40
2010.10.11 17:42:58.414,5.84245,5.84465,1.00,2.40
2010.10.11 17:42:58.917,5.84245,5.84485,1.00,2.40
2010.10.11 17:42:59.516,5.84245,5.8449,1.00,2.40
2010.10.11 17:43:02.782,5.84245,5.84485,1.00,2.40
2010.10.11 17:43:22.047,5.84245,5.8449,1.00,2.40
2010.10.11 17:43:33.949,5.8426,5.84505,1.00,2.40
2010.10.11 17:43:34.193,5.8426,5.8451,1.00,2.40
2010.10.11 17:43:39.640,5.84245,5.84505,1.00,2.40
2010.10.11 17:43:40.105,5.84245,5.8449,1.00,2.40
2010.10.11 17:43:42.862,5.8426,5.84505,1.00,2.40
2010.10.11 17:43:43.182,5.8429,5.84525,1.00,2.40
2010.10.11 17:43:43.498,5.8429,5.8453,1.00,2.40
2010.10.11 17:43:44.401,5.8427,5.8453,1.00,2.40
2010.10.11 17:43:44.508,5.8427,5.8452,1.00,2.40
2010.10.11 17:43:44.855,5.8427,5.84505,1.00,2.40
2010.10.11 17:43:46.072,5.8429,5.84505,1.00,2.40
2010.10.11 17:43:46.273,5.8429,5.8453,1.00,2.40
2010.10.11 17:43:51.275,5.84305,5.8453,1.00,2.40
2010.10.11 17:43:51.376,5.84305,5.8455,1.00,4.80
2010.10.11 17:43:51.463,5.84305,5.8455,1.00,2.40
2010.10.11 17:43:52.983,5.84305,5.84545,1.00,2.40
2010.10.11 17:43:53.122,5.84305,5.8454,1.00,2.40
2010.10.11 17:44:03.443,5.84305,5.84545,1.00,2.40
2010.10.11 17:44:04.044,5.84305,5.8455,1.00,2.40
2010.10.11 17:44:10.870,5.8433,5.8455,1.00,2.40
2010.10.11 17:44:11.178,5.8433,5.8457,1.00,2.40
2010.10.11 17:44:11.332,5.84345,5.8457,1.00,2.40
2010.10.11 17:44:11.915,5.84345,5.8459,1.00,2.40
2010.10.11 17:44:16.423,5.8433,5.8459,1.00,2.40
2010.10.11 17:44:16.728,5.8433,5.8457,1.00,2.40
2010.10.11 17:44:28.654,5.84345,5.8457,1.00,2.40
2010.10.11 17:44:29.439,5.84345,5.8459,1.00,2.40
2010.10.11 17:44:32.733,5.8435,5.8459,1.00,2.40
2010.10.11 17:44:32.812,5.8437,5.8459,1.00,2.40
2010.10.11 17:44:32.964,5.8437,5.846,1.00,2.40
2010.10.11 17:44:48.666,5.8437,5.8461,1.00,4.80
2010.10.11 17:44:49.052,5.8437,5.846,1.00,2.40
2010.10.11 17:44:54.844,5.8437,5.8461,1.00,4.80
2010.10.11 17:44:56.551,5.8437,5.846,1.00,2.40
2010.10.11 17:44:56.849,5.8437,5.8461,1.00,4.80
2010.10.11 17:44:57.523,5.8437,5.84605,1.00,2.40
2010.10.11 17:45:14.877,5.84355,5.8459,1.00,2.40
2010.10.11 17:45:22.673,5.8433,5.8459,1.00,2.40
2010.10.11 17:45:22.797,5.8433,5.84565,1.00,2.40
2010.10.11 17:45:23.473,5.84315,5.84565,1.00,2.40
2010.10.11 17:45:24.108,5.8429,5.8453,1.00,2.40
2010.10.11 17:45:26.703,5.8429,5.8456,1.00,2.40
2010.10.11 17:45:32.016,5.84325,5.8456,1.00,2.40
2010.10.11 17:45:36.282,5.8431,5.8456,1.00,2.40
2010.10.11 17:45:46.057,5.84325,5.8462,1.00,2.90
2010.10.11 17:45:56.222,5.8434,5.8462,1.00,2.90
2010.10.11 17:46:10.118,5.8434,5.8462,1.00,2.40
2010.10.11 17:46:10.238,5.8437,5.84655,2.40,1.60
2010.10.11 17:46:10.821,5.8435,5.84625,2.40,1.60
2010.10.11 17:46:11.171,5.8431,5.84625,2.40,1.60
2010.10.11 17:46:19.256,5.8434,5.8463,1.60,2.40
2010.10.11 17:46:19.421,5.8434,5.84615,1.60,1.60
2010.10.11 17:46:19.473,5.84315,5.84615,1.00,1.60
2010.10.11 17:46:36.105,5.8434,5.84615,1.80,1.60
2010.10.11 17:46:37.107,5.8434,5.8463,1.60,2.40
2010.10.11 17:46:39.485,5.8435,5.8463,1.00,2.40
2010.10.11 17:46:40.596,5.84345,5.8463,1.00,2.40
2010.10.11 17:46:40.843,5.84345,5.8463,2.60,2.40
2010.10.11 17:46:42.265,5.8435,5.8463,1.00,2.40
2010.10.11 17:46:53.273,5.8437,5.8463,1.00,2.40
2010.10.11 17:46:53.352,5.8438,5.8463,1.60,2.40
2010.10.11 17:46:55.334,5.84365,5.8463,2.40,2.40
2010.10.11 17:46:55.444,5.8435,5.8463,1.00,2.40
2010.10.11 17:47:03.281,5.8436,5.8463,2.40,2.40
2010.10.11 17:47:03.493,5.8436,5.846,2.40,2.40
2010.10.11 17:47:03.613,5.8434,5.846,4.60,2.40
2010.10.11 17:47:06.145,5.84345,5.846,1.00,2.40
2010.10.11 17:47:06.192,5.84325,5.846,3.00,2.40
2010.10.11 17:47:06.248,5.84345,5.846,2.40,2.40
2010.10.11 17:47:06.632,5.843,5.8459,1.60,1.00
2010.10.11 17:47:06.980,5.84265,5.8459,2.40,1.00
2010.10.11 17:47:07.329,5.84255,5.8452,1.60,2.40
2010.10.11 17:47:08.533,5.84255,5.8445,1.60,2.40
2010.10.11 17:47:09.584,5.84255,5.8445,1.80,2.40
2010.10.11 17:47:12.531,5.8426,5.8445,1.00,2.40
2010.10.11 17:47:12.658,5.84265,5.8445,2.60,2.40
2010.10.11 17:47:14.007,5.84265,5.8445,2.40,2.40
2010.10.11 17:47:16.877,5.84265,5.8445,2.60,2.40
2010.10.11 17:47:27.888,5.84285,5.8445,1.00,2.40
2010.10.11 17:47:28.046,5.84325,5.8445,1.00,2.40
2010.10.11 17:47:28.595,5.8434,5.8452,1.60,2.40
2010.10.11 17:47:31.722,5.8434,5.8452,1.80,2.40
2010.10.11 17:47:32.795,5.8434,5.8452,1.60,2.40
2010.10.11 17:47:32.993,5.8432,5.8452,1.00,2.40
2010.10.11 17:47:45.249,5.8434,5.8452,1.00,2.40
2010.10.11 17:47:45.414,5.84355,5.8452,1.00,2.40
2010.10.11 17:48:58.019,5.8438,5.8452,1.00,2.40
2010.10.11 17:49:03.421,5.844,5.8452,1.00,2.40
2010.10.11 17:49:48.047,5.8438,5.8452,1.00,2.40
2010.10.11 17:49:51.934,5.84365,5.8452,1.00,2.40
2010.10.11 17:50:10.819,5.84395,5.8452,1.00,2.40
2010.10.11 17:50:11.749,5.8438,5.8452,1.00,2.40
2010.10.11 17:50:19.684,5.84365,5.8452,1.00,2.40
2010.10.11 17:51:51.587,5.84325,5.8452,1.00,2.40
2010.10.11 17:52:04.007,5.8434,5.8452,1.00,2.40
2010.10.11 17:52:16.466,5.84355,5.8452,1.00,2.40
2010.10.11 17:52:29.950,5.84355,5.8453,1.00,1.00
2010.10.11 17:52:43.458,5.84325,5.8453,1.00,1.00
2010.10.11 17:53:51.839,5.8434,5.8453,1.00,1.00
2010.10.11 17:54:00.894,5.84355,5.8453,1.00,1.00
2010.10.11 17:54:18.162,5.8434,5.8453,1.00,1.00
2010.10.11 17:54:51.747,5.8436,5.8453,1.00,1.00
2010.10.11 17:55:02.691,5.84385,5.8453,1.00,1.00
2010.10.11 17:55:07.209,5.84385,5.84695,1.00,2.40
2010.10.11 17:55:07.779,5.8442,5.8473,1.00,4.80
2010.10.11 17:55:08.447,5.8448,5.8479,1.00,2.40
2010.10.11 17:55:08.674,5.8448,5.8479,3.00,2.40
2010.10.11 17:55:09.450,5.84495,5.8479,3.00,2.40
2010.10.11 17:55:10.818,5.84495,5.8479,1.00,2.40
2010.10.11 17:55:12.216,5.84495,5.8471,1.00,2.40
2010.10.11 17:55:12.646,5.8447,5.8471,1.00,2.40
2010.10.11 17:55:15.320,5.845,5.8471,1.00,2.40
2010.10.11 17:55:15.458,5.84495,5.8471,1.00,2.40
2010.10.11 17:55:18.886,5.8445,5.8471,1.00,2.40
2010.10.11 17:55:21.287,5.84485,5.8471,1.00,2.40
2010.10.11 17:55:22.003,5.84455,5.8471,1.00,2.40
2010.10.11 17:55:29.866,5.84485,5.8471,1.00,2.40
2010.10.11 17:55:35.951,5.84525,5.8471,1.00,2.40
2010.10.11 17:55:38.616,5.84565,5.848,1.00,2.40
2010.10.11 17:55:39.695,5.8455,5.848,1.00,2.40
2010.10.11 17:55:47.305,5.8457,5.848,1.00,2.40
2010.10.11 17:56:01.877,5.84605,5.848,1.00,2.40
2010.10.11 17:56:02.299,5.8459,5.848,1.00,2.40
2010.10.11 17:56:18.664,5.8461,5.848,1.00,2.40
2010.10.11 17:56:19.416,5.8459,5.848,1.00,2.40
2010.10.11 17:56:21.377,5.8461,5.848,1.00,2.40
2010.10.11 17:56:44.291,5.84635,5.848,1.00,2.40
2010.10.11 17:56:47.538,5.84615,5.848,1.00,2.40
2010.10.11 17:56:48.614,5.8465,5.8488,1.00,2.40
2010.10.11 17:56:50.629,5.84635,5.8488,1.00,2.40
2010.10.11 17:56:56.058,5.84615,5.8488,1.00,2.40
2010.10.11 17:57:08.883,5.84575,5.848,1.00,2.40
2010.10.11 17:57:14.346,5.8459,5.848,1.00,2.40
2010.10.11 17:57:22.839,5.8462,5.848,1.00,2.40
2010.10.11 17:57:22.963,5.8462,5.8488,1.00,2.40
2010.10.11 17:57:24.900,5.8465,5.8488,1.00,2.40
2010.10.11 17:57:36.065,5.84655,5.8488,1.00,2.40
2010.10.11 17:57:36.169,5.8468,5.8488,1.00,2.40
2010.10.11 17:57:38.618,5.84695,5.8488,1.00,2.40
2010.10.11 17:57:40.370,5.8472,5.8488,1.00,2.40
2010.10.11 17:57:43.124,5.84705,5.8488,1.00,2.40
2010.10.11 17:57:44.810,5.84735,5.8497,1.00,2.40
2010.10.11 17:57:45.199,5.8472,5.8497,1.00,2.40
2010.10.11 17:57:50.919,5.84705,5.8497,1.00,2.40
2010.10.11 17:57:52.562,5.8472,5.8497,1.00,2.40
2010.10.11 17:58:04.859,5.8474,5.8497,1.00,2.40
2010.10.11 17:58:19.136,5.84775,5.8497,1.00,2.40
2010.10.11 17:58:22.286,5.848,5.8501,1.00,1.00
2010.10.11 17:58:27.028,5.84785,5.8501,1.00,1.00
2010.10.11 17:58:27.237,5.848,5.8501,1.00,1.00
2010.10.11 17:58:34.290,5.848,5.8505,1.00,2.40
2010.10.11 17:58:34.502,5.8482,5.8505,1.00,2.40
2010.10.11 17:58:34.778,5.8484,5.8505,1.00,2.40
2010.10.11 17:58:37.444,5.8486,5.8505,1.00,2.40
2010.10.11 17:58:37.736,5.84885,5.8513,1.00,2.40
2010.10.11 17:58:41.930,5.84905,5.8513,1.00,2.40
2010.10.11 17:58:43.679,5.84885,5.8513,1.00,2.40
2010.10.11 17:58:45.066,5.84905,5.8513,1.00,2.40
2010.10.11 17:58:53.758,5.84885,5.8513,1.00,2.40
2010.10.11 17:58:56.466,5.8487,5.8513,1.00,2.40
2010.10.11 17:58:59.976,5.84835,5.85125,1.00,2.40
2010.10.11 17:59:06.922,5.84805,5.8505,1.00,2.40
2010.10.11 17:59:15.496,5.8482,5.8505,1.00,2.40
2010.10.11 17:59:18.853,5.84845,5.8505,1.00,2.40
2010.10.11 17:59:23.368,5.84865,5.8505,1.00,2.40
2010.10.11 17:59:33.312,5.84845,5.8505,1.00,2.40
2010.10.11 17:59:35.650,5.84865,5.8505,1.00,2.40
2010.10.11 17:59:36.058,5.84845,5.8505,1.00,2.40
2010.10.11 17:59:38.867,5.8486,5.8505,1.00,2.40
2010.10.11 17:59:46.384,5.84845,5.8505,1.00,2.40
2010.10.11 17:59:46.945,5.848,5.8505,1.00,2.40
2010.10.11 17:59:56.436,5.8482,5.8505,1.00,2.40
2010.10.11 17:59:59.825,5.8486,5.8505,1.00,2.40
