2010.10.04 17:00:00.165,5.871,5.8733,2.40,2.40
2010.10.04 17:00:03.102,5.871,5.8733,3.00,2.40
2010.10.04 17:00:05.900,5.871,5.8733,2.60,2.40
2010.10.04 17:00:06.120,5.8715,5.8738,2.40,2.40
2010.10.04 17:00:46.577,5.8715,5.8737,2.40,2.40
2010.10.04 17:00:46.911,5.8708,5.8731,2.40,2.40
2010.10.04 17:00:52.187,5.8708,5.8731,2.60,2.40
2010.10.04 17:00:52.365,5.8712,5.8736,2.40,3.20
2010.10.04 17:00:52.457,5.8712,5.8736,2.40,2.40
2010.10.04 17:00:57.707,5.8718,5.8738,4.00,1.00
2010.10.04 17:00:57.940,5.8718,5.874,4.00,1.00
2010.10.04 17:01:04.287,5.8718,5.8741,4.00,2.40
2010.10.04 17:01:05.864,5.87185,5.8741,1.00,2.40
2010.10.04 17:01:06.737,5.8722,5.8741,1.60,2.40
2010.10.04 17:01:07.003,5.8722,5.87445,4.00,1.00
2010.10.04 17:01:21.484,5.8722,5.87445,2.40,1.00
2010.10.04 17:01:21.617,5.8722,5.8743,2.40,1.00
2010.10.04 17:01:25.946,5.8722,5.87445,2.40,1.00
2010.10.04 17:01:26.996,5.8722,5.87445,4.00,1.00
2010.10.04 17:01:31.177,5.8718,5.8741,4.00,2.40
2010.10.04 17:02:13.264,5.8722,5.8745,4.00,2.40
2010.10.04 17:02:17.890,5.87265,5.8745,1.60,2.40
2010.10.04 17:02:17.987,5.8726,5.8747,2.40,1.00
2010.10.04 17:02:20.053,5.8726,5.87485,2.40,1.00
2010.10.04 17:02:32.639,5.8723,5.87455,4.00,1.60
2010.10.04 17:02:40.638,5.8723,5.87455,4.00,3.20
2010.10.04 17:02:40.759,5.8723,5.87455,2.40,3.20
2010.10.04 17:02:41.771,5.8723,5.87455,2.40,1.60
2010.10.04 17:02:43.770,5.87265,5.8746,1.60,2.40
2010.10.04 17:02:43.935,5.8727,5.87475,2.40,1.60
2010.10.04 17:02:50.666,5.8727,5.87475,4.00,1.60
2010.10.04 17:02:52.969,5.8727,5.87475,2.40,1.60
2010.10.04 17:02:53.935,5.8727,5.87465,2.40,1.60
2010.10.04 17:02:56.548,5.8727,5.87465,4.00,1.60
2010.10.04 17:02:57.407,5.8727,5.87475,4.00,1.60
2010.10.04 17:02:59.709,5.8727,5.87475,2.40,1.60
2010.10.04 17:03:00.928,5.8727,5.87465,2.40,1.60
2010.10.04 17:03:04.202,5.8727,5.87475,2.40,1.60
2010.10.04 17:03:05.075,5.8715,5.87425,2.40,1.60
2010.10.04 17:03:28.409,5.8717,5.87415,2.40,1.60
2010.10.04 17:03:28.527,5.8717,5.87425,2.40,1.60
2010.10.04 17:03:31.501,5.8717,5.87435,2.40,1.60
2010.10.04 17:03:36.440,5.8719,5.87435,1.00,1.60
2010.10.04 17:03:37.410,5.8719,5.8744,1.00,2.40
2010.10.04 17:03:44.189,5.8719,5.87435,1.00,1.60
2010.10.04 17:03:44.974,5.8717,5.87435,3.00,1.60
2010.10.04 17:03:45.186,5.8717,5.87425,3.00,1.60
2010.10.04 17:03:46.614,5.8715,5.8738,2.40,2.40
2010.10.04 17:03:50.260,5.8715,5.87365,2.40,1.60
2010.10.04 17:03:50.504,5.8711,5.8734,2.40,2.40
2010.10.04 17:03:56.678,5.8707,5.873,2.40,2.40
2010.10.04 17:04:19.798,5.8707,5.87285,2.40,1.60
2010.10.04 17:04:21.089,5.8711,5.87315,2.40,1.60
2010.10.04 17:04:23.703,5.8711,5.87325,2.40,1.60
2010.10.04 17:04:27.565,5.8711,5.87315,2.40,1.60
2010.10.04 17:04:31.554,5.8711,5.87335,2.40,1.60
2010.10.04 17:04:32.147,5.8711,5.8734,2.40,2.40
2010.10.04 17:04:32.349,5.8711,5.87335,2.40,1.60
2010.10.04 17:04:37.419,5.8711,5.8734,2.40,2.40
2010.10.04 17:04:42.845,5.8711,5.87315,2.40,1.60
2010.10.04 17:04:43.204,5.8711,5.87305,2.40,1.60
2010.10.04 17:04:44.598,5.8711,5.87285,2.40,1.60
2010.10.04 17:04:44.884,5.8707,5.87275,2.40,1.60
2010.10.04 17:04:45.874,5.8707,5.87285,2.40,1.60
2010.10.04 17:04:52.346,5.8707,5.87275,2.40,1.60
2010.10.04 17:04:52.590,5.8707,5.87285,2.40,1.60
2010.10.04 17:04:53.577,5.8711,5.87285,2.40,1.60
2010.10.04 17:04:54.481,5.8711,5.87305,2.40,1.60
2010.10.04 17:04:54.693,5.8711,5.87315,2.40,1.60
2010.10.04 17:05:18.543,5.8711,5.87325,2.40,1.60
2010.10.04 17:05:19.560,5.8711,5.87335,2.40,1.60
2010.10.04 17:05:26.567,5.8718,5.87395,4.00,1.60
2010.10.04 17:05:29.233,5.8718,5.87375,4.00,1.60
2010.10.04 17:05:30.483,5.8718,5.87405,4.00,1.60
2010.10.04 17:05:33.276,5.8718,5.87415,4.00,1.60
2010.10.04 17:06:02.456,5.8718,5.87405,4.00,1.60
2010.10.04 17:06:09.938,5.8718,5.87415,4.00,1.60
2010.10.04 17:06:21.129,5.8718,5.87405,4.00,1.60
2010.10.04 17:06:28.354,5.87185,5.87405,1.00,1.60
2010.10.04 17:06:28.740,5.8722,5.87415,1.60,1.60
2010.10.04 17:06:30.597,5.8722,5.87425,1.60,1.60
2010.10.04 17:06:33.986,5.8722,5.87415,1.60,1.60
2010.10.04 17:06:34.138,5.8722,5.87425,1.60,1.60
2010.10.04 17:06:39.780,5.8724,5.87445,1.00,1.60
2010.10.04 17:06:39.848,5.87265,5.87445,1.60,1.60
2010.10.04 17:06:40.794,5.8727,5.87455,2.40,1.60
2010.10.04 17:07:17.601,5.8723,5.87385,2.40,1.60
2010.10.04 17:07:23.984,5.8718,5.87375,2.40,1.60
2010.10.04 17:07:24.079,5.8718,5.87355,2.40,1.60
2010.10.04 17:07:24.904,5.8718,5.8737,2.40,1.60
2010.10.04 17:07:25.007,5.8714,5.87365,2.40,1.60
2010.10.04 17:07:26.764,5.8714,5.87355,2.40,1.60
2010.10.04 17:07:31.239,5.87155,5.87355,1.00,1.60
2010.10.04 17:07:31.368,5.8718,5.87355,1.60,1.60
2010.10.04 17:07:31.469,5.8718,5.87375,4.00,1.60
2010.10.04 17:07:35.272,5.8718,5.87355,4.00,1.00
2010.10.04 17:07:35.343,5.8718,5.87325,2.40,1.60
2010.10.04 17:07:36.228,5.8714,5.87315,2.40,1.60
2010.10.04 17:07:36.584,5.8714,5.87335,2.40,1.60
2010.10.04 17:07:38.871,5.8718,5.87365,4.00,1.60
2010.10.04 17:07:43.387,5.8718,5.87375,4.00,1.60
2010.10.04 17:07:45.806,5.87135,5.87385,1.60,1.60
2010.10.04 17:07:48.229,5.8717,5.8741,2.40,1.00
2010.10.04 17:07:48.328,5.8717,5.8742,2.40,1.60
2010.10.04 17:07:48.428,5.8717,5.87425,2.40,1.60
2010.10.04 17:07:48.878,5.8717,5.8739,2.40,1.00
2010.10.04 17:07:48.982,5.87165,5.8739,1.00,1.00
2010.10.04 17:07:49.823,5.87155,5.8739,1.00,1.00
2010.10.04 17:07:50.682,5.87155,5.874,1.00,2.40
2010.10.04 17:07:53.118,5.87155,5.87395,1.00,4.00
2010.10.04 17:07:53.296,5.8714,5.87395,1.00,4.00
2010.10.04 17:07:53.479,5.8714,5.87395,1.00,5.60
2010.10.04 17:07:54.523,5.872,5.8743,2.40,1.00
2010.10.04 17:07:54.598,5.872,5.87435,2.40,1.60
2010.10.04 17:07:56.103,5.872,5.87415,2.40,1.60
2010.10.04 17:07:56.772,5.87285,5.87415,1.00,1.60
2010.10.04 17:07:57.665,5.87285,5.87465,1.00,1.00
2010.10.04 17:07:58.035,5.873,5.87485,4.00,1.00
2010.10.04 17:07:58.193,5.8731,5.87485,4.00,1.00
2010.10.04 17:08:00.005,5.87305,5.8753,4.00,1.00
2010.10.04 17:08:01.653,5.87285,5.87515,8.00,1.00
2010.10.04 17:08:02.646,5.87285,5.87515,4.00,1.00
2010.10.04 17:08:04.875,5.8729,5.87515,4.00,1.00
2010.10.04 17:08:05.133,5.8731,5.87525,4.00,1.60
2010.10.04 17:08:07.786,5.8731,5.87535,4.00,2.40
2010.10.04 17:08:09.732,5.8731,5.87525,4.00,1.60
2010.10.04 17:08:13.780,5.8731,5.87535,4.00,1.00
2010.10.04 17:08:16.329,5.8729,5.87525,4.00,1.60
2010.10.04 17:08:17.759,5.87305,5.87525,4.00,1.60
2010.10.04 17:08:19.983,5.87305,5.87535,4.00,1.60
2010.10.04 17:08:20.107,5.87305,5.87545,4.00,1.60
2010.10.04 17:08:21.041,5.87305,5.87535,4.00,1.60
2010.10.04 17:08:21.685,5.8732,5.87555,6.40,1.60
2010.10.04 17:08:21.999,5.87345,5.87555,4.00,1.60
2010.10.04 17:08:23.918,5.8734,5.87555,4.00,1.60
2010.10.04 17:08:25.705,5.87345,5.87555,4.00,1.60
2010.10.04 17:08:26.789,5.87335,5.87555,4.00,1.60
2010.10.04 17:08:30.649,5.8734,5.87555,4.00,1.60
2010.10.04 17:08:31.499,5.8734,5.87575,4.00,1.60
2010.10.04 17:08:31.769,5.8736,5.87585,4.00,1.60
2010.10.04 17:08:37.980,5.87385,5.87595,4.00,1.60
2010.10.04 17:08:40.284,5.87405,5.87635,4.00,1.60
2010.10.04 17:08:42.090,5.8741,5.87635,2.40,1.60
2010.10.04 17:08:42.945,5.87425,5.87635,4.00,1.60
2010.10.04 17:08:43.629,5.87425,5.87655,4.00,1.60
2010.10.04 17:08:48.236,5.87425,5.87645,4.00,1.60
2010.10.04 17:08:49.988,5.87425,5.87635,4.00,1.60
2010.10.04 17:08:51.946,5.87385,5.87625,4.00,1.60
2010.10.04 17:08:52.161,5.87385,5.87615,4.00,1.60
2010.10.04 17:09:09.699,5.87385,5.87595,4.00,1.60
2010.10.04 17:09:16.278,5.87385,5.87605,4.00,1.60
2010.10.04 17:09:17.023,5.87385,5.87615,4.00,1.60
2010.10.04 17:09:21.689,5.87405,5.87615,4.00,1.60
2010.10.04 17:09:21.959,5.8741,5.87625,4.00,1.60
2010.10.04 17:09:25.422,5.8741,5.87615,4.00,1.60
2010.10.04 17:09:25.933,5.87385,5.87615,4.00,1.60
2010.10.04 17:09:30.750,5.87385,5.87605,4.00,1.60
2010.10.04 17:09:54.082,5.87345,5.87565,4.00,1.60
2010.10.04 17:09:57.296,5.87385,5.87595,4.00,1.60
2010.10.04 17:10:18.110,5.87385,5.87575,4.00,1.60
2010.10.04 17:10:18.971,5.8737,5.87575,2.40,1.60
2010.10.04 17:10:19.244,5.87345,5.87565,4.00,1.60
2010.10.04 17:10:27.329,5.873,5.87545,4.00,1.60
2010.10.04 17:10:28.180,5.873,5.87555,4.00,1.60
2010.10.04 17:10:28.521,5.8732,5.87555,4.00,1.60
2010.10.04 17:10:35.538,5.8732,5.87535,4.00,1.60
2010.10.04 17:10:35.880,5.873,5.87535,4.00,1.60
2010.10.04 17:10:36.835,5.873,5.87525,4.00,1.60
2010.10.04 17:10:37.051,5.873,5.87535,4.00,1.60
2010.10.04 17:10:47.688,5.873,5.87525,4.00,1.60
2010.10.04 17:10:48.555,5.873,5.87535,4.00,1.60
2010.10.04 17:10:56.684,5.8732,5.87555,4.00,1.60
2010.10.04 17:10:58.191,5.8732,5.87565,4.00,1.60
2010.10.04 17:10:58.467,5.8732,5.87555,4.00,1.00
2010.10.04 17:10:58.745,5.873,5.87545,4.00,1.60
2010.10.04 17:11:02.136,5.8727,5.87485,4.00,1.00
2010.10.04 17:11:03.316,5.8725,5.87485,2.40,1.00
2010.10.04 17:11:03.664,5.8725,5.87485,2.40,2.40
2010.10.04 17:11:05.408,5.8725,5.87475,2.40,1.60
2010.10.04 17:11:07.806,5.8725,5.87465,2.40,1.60
2010.10.04 17:11:07.991,5.87225,5.87465,4.00,1.60
2010.10.04 17:11:10.448,5.87215,5.87465,4.00,1.60
2010.10.04 17:11:13.402,5.87215,5.87435,4.00,1.60
2010.10.04 17:11:14.223,5.8721,5.87445,4.00,1.60
2010.10.04 17:11:14.463,5.87215,5.87445,4.00,1.60
2010.10.04 17:11:14.702,5.87215,5.87455,4.00,1.60
2010.10.04 17:11:14.946,5.8725,5.87455,2.40,1.60
2010.10.04 17:11:15.656,5.87235,5.87455,4.00,1.60
2010.10.04 17:11:15.973,5.8721,5.87445,4.00,1.60
2010.10.04 17:11:17.706,5.8721,5.87435,4.00,1.60
2010.10.04 17:11:17.957,5.872,5.87435,2.40,1.60
2010.10.04 17:11:23.619,5.87205,5.87435,4.00,1.60
2010.10.04 17:11:26.180,5.872,5.87435,2.40,1.60
2010.10.04 17:11:30.678,5.872,5.87425,2.40,1.60
2010.10.04 17:11:31.621,5.87205,5.87425,4.00,1.60
2010.10.04 17:11:37.488,5.87205,5.87435,4.00,1.60
2010.10.04 17:11:37.638,5.872,5.87435,2.40,1.60
2010.10.04 17:11:37.928,5.8721,5.87435,4.00,1.60
2010.10.04 17:11:41.019,5.8721,5.87425,4.00,1.60
2010.10.04 17:11:47.334,5.872,5.87365,2.40,1.60
2010.10.04 17:11:59.060,5.872,5.87375,2.40,1.60
2010.10.04 17:12:00.117,5.872,5.87365,2.40,1.60
2010.10.04 17:12:00.460,5.872,5.87375,2.40,1.60
2010.10.04 17:12:08.094,5.8724,5.87415,2.40,1.60
2010.10.04 17:12:11.679,5.8724,5.87405,2.40,1.60
2010.10.04 17:12:13.352,5.8724,5.87415,2.40,1.60
2010.10.04 17:12:13.697,5.8724,5.87425,2.40,1.60
2010.10.04 17:12:21.387,5.8724,5.87415,2.40,1.60
2010.10.04 17:12:23.662,5.8724,5.87405,2.40,1.60
2010.10.04 17:12:23.805,5.8724,5.87415,2.40,1.60
2010.10.04 17:12:25.430,5.8724,5.87405,2.40,1.60
2010.10.04 17:12:35.138,5.8724,5.87395,2.40,1.60
2010.10.04 17:12:36.058,5.8724,5.87385,2.40,1.60
2010.10.04 17:12:43.978,5.8724,5.87395,2.40,1.60
2010.10.04 17:12:54.670,5.8724,5.87405,2.40,1.60
2010.10.04 17:13:03.888,5.8724,5.87395,2.40,1.60
2010.10.04 17:13:11.573,5.8724,5.87415,2.40,1.60
2010.10.04 17:13:15.416,5.8728,5.87455,2.40,1.60
2010.10.04 17:13:22.040,5.8728,5.87465,2.40,1.60
2010.10.04 17:13:24.347,5.8728,5.87455,2.40,1.60
2010.10.04 17:13:29.433,5.8728,5.87445,2.40,1.60
2010.10.04 17:13:29.623,5.8728,5.87435,2.40,1.60
2010.10.04 17:13:47.569,5.8724,5.87435,3.00,1.60
2010.10.04 17:13:47.693,5.8724,5.87425,3.00,1.60
2010.10.04 17:13:47.819,5.8724,5.87425,2.40,1.60
2010.10.04 17:13:51.025,5.8728,5.87445,2.40,1.60
2010.10.04 17:13:51.193,5.8728,5.87465,2.40,1.60
2010.10.04 17:13:52.732,5.8728,5.87455,2.40,1.60
2010.10.04 17:13:55.196,5.8728,5.87445,2.40,1.60
2010.10.04 17:14:02.854,5.8728,5.87435,2.40,1.60
2010.10.04 17:14:04.096,5.8724,5.87425,3.00,1.60
2010.10.04 17:14:08.600,5.8724,5.87435,3.00,1.60
2010.10.04 17:14:22.298,5.8724,5.87435,2.40,1.60
2010.10.04 17:14:36.128,5.87255,5.87435,1.00,1.60
2010.10.04 17:14:37.115,5.8728,5.87455,2.40,1.60
2010.10.04 17:14:37.317,5.8728,5.87465,2.40,1.60
2010.10.04 17:14:37.623,5.8728,5.87455,2.40,1.60
2010.10.04 17:14:42.069,5.8728,5.87465,2.40,1.60
2010.10.04 17:14:43.613,5.8728,5.87455,2.40,1.60
2010.10.04 17:14:51.681,5.8728,5.87465,2.40,1.60
2010.10.04 17:14:53.157,5.8728,5.87455,2.40,1.60
2010.10.04 17:14:53.454,5.8728,5.87445,2.40,1.60
2010.10.04 17:14:54.823,5.8728,5.87455,2.40,1.60
2010.10.04 17:14:57.723,5.8723,5.87415,2.40,1.60
2010.10.04 17:14:57.968,5.8724,5.87435,1.00,1.60
2010.10.04 17:14:59.209,5.8724,5.87445,1.00,1.60
2010.10.04 17:14:59.549,5.8724,5.87455,1.00,1.60
2010.10.04 17:15:02.328,5.8724,5.87465,1.00,1.60
2010.10.04 17:15:02.531,5.87255,5.87465,1.00,1.60
2010.10.04 17:15:02.729,5.8728,5.87465,2.40,1.60
2010.10.04 17:15:04.039,5.8728,5.87455,2.40,1.60
2010.10.04 17:15:05.055,5.8728,5.87465,2.40,1.60
2010.10.04 17:15:20.452,5.8728,5.87445,2.40,1.60
2010.10.04 17:15:32.917,5.8728,5.87435,2.40,1.60
2010.10.04 17:15:43.738,5.8728,5.87445,2.40,1.60
2010.10.04 17:15:53.159,5.8728,5.87435,2.40,1.60
2010.10.04 17:16:02.726,5.8728,5.87425,2.40,1.60
2010.10.04 17:16:06.589,5.8728,5.87445,2.40,1.60
2010.10.04 17:16:06.908,5.8728,5.87455,2.40,1.60
2010.10.04 17:16:08.115,5.8728,5.87465,2.40,1.60
2010.10.04 17:16:10.677,5.8728,5.87475,3.00,1.60
2010.10.04 17:16:32.878,5.8728,5.87485,3.00,1.60
2010.10.04 17:16:58.141,5.8728,5.87485,3.90,1.60
2010.10.04 17:16:58.893,5.873,5.87485,1.00,1.60
2010.10.04 17:16:59.137,5.8733,5.87515,2.40,1.60
2010.10.04 17:17:02.840,5.8733,5.87525,2.40,1.60
2010.10.04 17:17:02.959,5.8737,5.87535,2.40,1.60
2010.10.04 17:17:11.448,5.8737,5.87545,2.40,1.60
2010.10.04 17:17:20.164,5.8732,5.87535,2.40,1.60
2010.10.04 17:17:20.356,5.87325,5.87535,1.00,1.60
2010.10.04 17:17:21.750,5.87325,5.87545,1.00,1.60
2010.10.04 17:17:28.887,5.87325,5.87535,1.00,1.60
2010.10.04 17:17:51.601,5.87325,5.87545,1.00,1.60
2010.10.04 17:17:51.920,5.87325,5.87535,1.00,1.60
2010.10.04 17:18:05.688,5.87325,5.87545,1.00,1.60
2010.10.04 17:18:08.555,5.8737,5.87545,2.40,1.60
2010.10.04 17:18:08.822,5.8737,5.87555,2.40,1.60
2010.10.04 17:18:09.094,5.8737,5.87565,2.40,1.60
2010.10.04 17:18:11.721,5.8737,5.87555,2.40,1.60
2010.10.04 17:18:14.022,5.8733,5.87535,2.40,1.60
2010.10.04 17:18:16.574,5.8734,5.87535,1.00,1.60
2010.10.04 17:18:16.908,5.8733,5.87535,2.40,1.60
2010.10.04 17:18:21.359,5.8725,5.87445,2.40,1.60
2010.10.04 17:18:36.604,5.8725,5.87455,2.40,1.60
2010.10.04 17:18:42.810,5.8725,5.87445,2.40,1.60
2010.10.04 17:18:43.974,5.8725,5.87465,2.40,1.60
2010.10.04 17:18:50.154,5.8725,5.87435,2.40,1.60
2010.10.04 17:18:53.735,5.8725,5.87425,2.40,1.60
2010.10.04 17:18:53.935,5.8721,5.87405,2.40,1.60
2010.10.04 17:19:06.158,5.8725,5.87415,2.40,1.60
2010.10.04 17:19:15.872,5.8721,5.87385,2.40,1.60
2010.10.04 17:19:18.833,5.8721,5.87405,2.40,1.60
2010.10.04 17:19:23.628,5.8721,5.87395,2.40,1.60
2010.10.04 17:19:26.697,5.8725,5.87455,2.40,1.60
2010.10.04 17:19:27.462,5.8725,5.87445,2.40,1.60
2010.10.04 17:19:27.667,5.8725,5.87455,2.40,1.60
2010.10.04 17:19:27.990,5.8725,5.87435,2.40,1.60
2010.10.04 17:19:31.722,5.8725,5.87425,2.40,1.60
2010.10.04 17:19:40.892,5.8725,5.87435,2.40,1.60
2010.10.04 17:19:42.033,5.8725,5.87425,2.40,1.60
2010.10.04 17:19:47.909,5.8725,5.87475,2.40,1.60
2010.10.04 17:19:48.701,5.8729,5.87475,2.40,1.60
2010.10.04 17:19:51.423,5.8729,5.87455,2.40,1.60
2010.10.04 17:19:58.893,5.8729,5.87465,2.40,1.60
2010.10.04 17:20:03.420,5.8729,5.87475,2.40,1.60
2010.10.04 17:20:07.618,5.8729,5.87485,2.40,1.60
2010.10.04 17:20:34.112,5.8729,5.87475,2.40,1.60
2010.10.04 17:20:36.253,5.8729,5.87485,2.40,1.60
2010.10.04 17:20:36.432,5.8729,5.87475,2.40,1.60
2010.10.04 17:20:39.172,5.8729,5.87485,2.40,1.60
2010.10.04 17:20:51.831,5.8729,5.87465,2.40,1.60
2010.10.04 17:20:53.182,5.8729,5.87475,2.40,1.60
2010.10.04 17:21:03.763,5.8729,5.87485,2.40,1.60
2010.10.04 17:21:04.906,5.8729,5.87495,2.40,1.60
2010.10.04 17:21:07.300,5.8729,5.87505,2.40,1.60
2010.10.04 17:21:08.236,5.8729,5.87515,2.40,1.60
2010.10.04 17:21:25.830,5.8734,5.87515,2.40,1.60
2010.10.04 17:21:37.691,5.8729,5.87485,2.40,1.60
2010.10.04 17:21:37.943,5.8729,5.87495,2.40,1.60
2010.10.04 17:21:40.771,5.8729,5.87485,2.40,1.60
2010.10.04 17:21:42.229,5.8725,5.87435,2.40,1.60
2010.10.04 17:21:49.029,5.8729,5.87465,2.40,1.60
2010.10.04 17:22:00.259,5.8725,5.87465,2.40,1.60
2010.10.04 17:22:01.199,5.8725,5.87455,2.40,1.60
2010.10.04 17:22:01.443,5.8725,5.87445,2.40,1.60
2010.10.04 17:22:06.205,5.8725,5.87455,2.40,1.60
2010.10.04 17:22:08.812,5.87255,5.87455,1.00,1.60
2010.10.04 17:22:08.889,5.87255,5.87465,1.00,1.60
2010.10.04 17:22:08.932,5.873,5.87465,2.40,1.60
2010.10.04 17:22:09.820,5.873,5.87475,2.40,1.60
2010.10.04 17:22:11.939,5.873,5.87495,2.40,1.60
2010.10.04 17:22:28.438,5.873,5.87475,2.40,1.60
2010.10.04 17:22:28.629,5.873,5.87465,2.40,1.60
2010.10.04 17:22:38.229,5.8726,5.87455,2.40,1.60
2010.10.04 17:22:38.280,5.8726,5.87445,2.40,1.60
2010.10.04 17:22:39.343,5.8726,5.87435,2.40,1.60
2010.10.04 17:22:58.908,5.8726,5.87425,2.40,1.60
2010.10.04 17:23:15.562,5.8726,5.87415,2.40,1.60
2010.10.04 17:23:17.951,5.8726,5.87425,2.40,1.60
2010.10.04 17:23:34.168,5.8726,5.87415,2.40,1.60
2010.10.04 17:23:44.753,5.8722,5.87415,2.40,1.60
2010.10.04 17:23:45.091,5.8722,5.87365,2.40,1.60
2010.10.04 17:23:46.539,5.8722,5.87375,2.40,1.60
2010.10.04 17:23:46.794,5.8722,5.87355,2.40,1.60
2010.10.04 17:23:49.958,5.8722,5.87395,2.40,1.60
2010.10.04 17:24:01.439,5.8722,5.87405,2.40,1.60
2010.10.04 17:24:02.256,5.8722,5.87395,2.40,1.60
2010.10.04 17:24:18.176,5.8722,5.87395,3.00,1.60
2010.10.04 17:24:19.019,5.8724,5.87425,2.40,1.60
2010.10.04 17:24:19.132,5.8728,5.87475,2.40,1.60
2010.10.04 17:24:20.536,5.8728,5.87425,2.40,1.60
2010.10.04 17:25:16.610,5.8728,5.87445,2.40,1.60
2010.10.04 17:25:33.056,5.8728,5.87435,2.40,1.60
2010.10.04 17:25:50.442,5.87285,5.87435,1.00,1.60
2010.10.04 17:25:50.543,5.873,5.87445,1.00,1.60
2010.10.04 17:25:51.388,5.8734,5.87465,2.40,1.60
2010.10.04 17:25:52.725,5.8734,5.87505,2.40,1.60
2010.10.04 17:25:58.031,5.8734,5.87495,2.40,1.60
2010.10.04 17:26:00.160,5.8734,5.87485,2.40,1.60
2010.10.04 17:26:01.599,5.8734,5.87515,2.40,1.60
2010.10.04 17:26:03.931,5.8734,5.87505,2.40,1.60
2010.10.04 17:26:21.016,5.8734,5.87515,2.40,1.60
2010.10.04 17:26:32.081,5.8729,5.87495,2.40,1.60
2010.10.04 17:26:32.333,5.8729,5.87465,2.40,1.60
2010.10.04 17:26:46.764,5.8729,5.87475,2.40,1.60
2010.10.04 17:26:46.888,5.8729,5.87465,2.40,1.60
2010.10.04 17:26:49.181,5.8729,5.87455,2.40,1.60
2010.10.04 17:27:03.920,5.8729,5.87445,2.40,1.60
2010.10.04 17:27:23.166,5.8725,5.87435,2.40,1.60
2010.10.04 17:27:26.851,5.8725,5.87445,2.40,1.60
2010.10.04 17:27:28.819,5.8725,5.87465,2.40,1.60
2010.10.04 17:27:28.914,5.8725,5.87445,2.40,1.60
2010.10.04 17:27:29.015,5.8725,5.87455,2.40,1.60
2010.10.04 17:27:29.818,5.8725,5.87445,2.40,1.60
2010.10.04 17:27:33.296,5.8725,5.87455,2.40,1.60
2010.10.04 17:27:50.830,5.8725,5.8748,2.40,2.40
2010.10.04 17:27:57.794,5.8729,5.87525,2.40,1.00
2010.10.04 17:28:02.786,5.8725,5.8748,2.40,2.40
2010.10.04 17:28:04.456,5.8729,5.8753,2.40,2.40
2010.10.04 17:28:10.149,5.8734,5.8757,2.40,2.40
2010.10.04 17:28:15.209,5.8729,5.8753,2.40,2.40
2010.10.04 17:28:28.309,5.873,5.8753,1.00,2.40
2010.10.04 17:28:28.663,5.8734,5.8757,2.40,2.40
2010.10.04 17:28:40.860,5.8734,5.8757,2.40,3.20
2010.10.04 17:28:56.409,5.8729,5.8753,2.40,2.40
2010.10.04 17:29:15.259,5.87295,5.8753,1.00,2.40
2010.10.04 17:29:15.463,5.8734,5.8757,2.40,2.40
2010.10.04 17:29:20.778,5.8738,5.8761,2.40,2.40
2010.10.04 17:29:33.339,5.8738,5.8758,2.40,1.00
2010.10.04 17:29:33.742,5.8731,5.87535,2.40,1.60
2010.10.04 17:29:44.639,5.8731,5.87535,2.40,3.20
2010.10.04 17:29:45.518,5.8731,5.87535,2.40,1.60
2010.10.04 17:29:46.358,5.8731,5.87535,2.40,3.20
2010.10.04 17:30:01.056,5.8731,5.87535,2.40,1.60
2010.10.04 17:30:01.130,5.8731,5.87535,2.40,3.20
2010.10.04 17:30:10.167,5.8731,5.87525,2.40,1.60
2010.10.04 17:30:10.430,5.87285,5.87525,1.00,1.60
2010.10.04 17:30:11.687,5.8725,5.8749,1.60,4.00
2010.10.04 17:30:11.972,5.8724,5.8749,1.00,4.00
2010.10.04 17:30:13.097,5.87255,5.8749,1.00,4.00
2010.10.04 17:30:14.459,5.8725,5.8749,1.60,4.00
2010.10.04 17:30:14.817,5.8724,5.8749,1.00,4.00
2010.10.04 17:30:19.071,5.8725,5.8749,1.60,4.00
2010.10.04 17:30:19.211,5.87255,5.8749,1.00,4.00
2010.10.04 17:30:24.027,5.87255,5.8745,1.00,1.60
2010.10.04 17:30:24.272,5.87225,5.8745,1.00,1.60
2010.10.04 17:30:33.919,5.8723,5.8745,1.00,1.60
2010.10.04 17:30:34.211,5.87255,5.8749,1.00,4.00
2010.10.04 17:30:35.436,5.8724,5.8749,1.00,4.00
2010.10.04 17:30:42.941,5.8725,5.8749,1.60,4.00
2010.10.04 17:30:43.081,5.87255,5.8749,1.00,4.00
2010.10.04 17:30:45.905,5.87285,5.8753,1.00,2.40
2010.10.04 17:31:05.280,5.8724,5.8749,1.00,4.00
2010.10.04 17:31:24.962,5.87255,5.8749,1.00,4.00
2010.10.04 17:31:39.700,5.8727,5.8749,1.00,4.00
2010.10.04 17:31:40.834,5.873,5.8753,2.40,2.40
2010.10.04 17:31:44.091,5.87325,5.8753,1.00,2.40
2010.10.04 17:31:51.166,5.87345,5.8757,1.00,2.40
2010.10.04 17:31:51.281,5.8734,5.8757,2.40,2.40
2010.10.04 17:31:52.588,5.8731,5.8753,1.00,2.40
2010.10.04 17:32:28.942,5.87325,5.8753,1.00,2.40
2010.10.04 17:32:31.238,5.8731,5.8753,1.00,2.40
2010.10.04 17:32:41.875,5.8731,5.8749,1.00,1.00
2010.10.04 17:32:42.124,5.8727,5.8749,1.00,1.80
2010.10.04 17:32:44.312,5.873,5.875,1.00,2.40
2010.10.04 17:32:44.542,5.8731,5.87535,2.40,1.60
2010.10.04 17:32:47.339,5.8731,5.87535,2.40,1.80
2010.10.04 17:32:48.509,5.8731,5.87535,2.40,1.60
2010.10.04 17:33:02.345,5.87325,5.87535,1.00,1.60
2010.10.04 17:33:02.432,5.87325,5.8754,1.00,2.40
2010.10.04 17:33:06.755,5.87345,5.8754,1.00,2.40
2010.10.04 17:33:06.911,5.87345,5.8754,1.00,2.40
2010.10.04 17:33:07.062,5.8735,5.87575,2.40,1.60
2010.10.04 17:33:12.410,5.8735,5.87575,2.60,1.60
2010.10.04 17:33:19.700,5.8735,5.87575,2.40,1.60
2010.10.04 17:33:21.620,5.8735,5.87575,2.40,3.20
2010.10.04 17:33:21.871,5.8743,5.87575,1.00,1.60
2010.10.04 17:33:22.812,5.8739,5.8762,2.40,4.00
2010.10.04 17:33:23.099,5.8739,5.8762,2.40,2.40
2010.10.04 17:33:24.224,5.87415,5.8762,1.00,2.40
2010.10.04 17:33:24.850,5.87435,5.8762,1.00,2.40
2010.10.04 17:33:25.867,5.8744,5.87665,2.40,1.60
2010.10.04 17:33:34.441,5.8748,5.87705,2.40,1.60
2010.10.04 17:33:36.474,5.8748,5.87705,2.60,1.60
2010.10.04 17:33:38.301,5.8748,5.87705,2.40,1.60
2010.10.04 17:33:38.574,5.8748,5.87705,2.60,1.60
2010.10.04 17:33:39.502,5.8748,5.87705,2.40,1.60
2010.10.04 17:33:40.334,5.8748,5.8771,2.40,2.40
2010.10.04 17:33:40.488,5.87495,5.8771,1.00,2.40
2010.10.04 17:33:42.420,5.87495,5.87705,1.00,1.60
2010.10.04 17:33:42.714,5.8748,5.87705,3.00,1.60
2010.10.04 17:33:46.885,5.8748,5.87675,3.00,1.00
2010.10.04 17:33:47.631,5.8748,5.87675,2.40,1.00
2010.10.04 17:33:47.887,5.8743,5.87635,2.40,1.60
2010.10.04 17:33:49.145,5.8743,5.87645,2.40,1.60
2010.10.04 17:33:49.385,5.8743,5.87635,2.40,1.60
2010.10.04 17:33:49.612,5.8743,5.87645,2.40,1.60
2010.10.04 17:33:50.786,5.87435,5.87645,1.00,1.60
2010.10.04 17:33:52.486,5.8743,5.87645,3.20,1.60
2010.10.04 17:33:53.293,5.87435,5.87645,1.00,1.60
2010.10.04 17:33:57.447,5.8747,5.87665,3.00,1.60
2010.10.04 17:33:57.512,5.8747,5.87675,3.00,1.00
2010.10.04 17:33:57.575,5.8747,5.87685,3.00,1.60
2010.10.04 17:33:58.320,5.8748,5.87685,1.00,1.60
2010.10.04 17:33:58.724,5.8747,5.87685,2.40,1.60
2010.10.04 17:33:59.663,5.87455,5.8766,1.00,2.40
2010.10.04 17:34:00.899,5.875,5.87695,1.00,1.60
2010.10.04 17:34:02.258,5.875,5.877,1.00,2.40
2010.10.04 17:34:05.396,5.8748,5.877,1.00,2.40
2010.10.04 17:34:05.630,5.8747,5.87695,2.40,1.60
2010.10.04 17:34:06.890,5.8747,5.877,3.20,2.40
2010.10.04 17:34:08.214,5.8747,5.87695,2.40,1.60
2010.10.04 17:34:11.144,5.8747,5.877,2.40,2.40
2010.10.04 17:34:13.779,5.8747,5.877,2.60,2.40
2010.10.04 17:34:14.614,5.8747,5.877,3.20,2.40
2010.10.04 17:34:14.821,5.87475,5.877,1.00,2.40
2010.10.04 17:34:15.654,5.8747,5.877,3.00,2.40
2010.10.04 17:34:16.015,5.87495,5.877,1.00,2.40
2010.10.04 17:34:17.410,5.8747,5.877,2.40,2.40
2010.10.04 17:34:18.993,5.8747,5.87695,2.40,1.60
2010.10.04 17:34:20.394,5.8747,5.87695,3.00,1.60
2010.10.04 17:34:20.633,5.8747,5.877,2.40,2.40
2010.10.04 17:34:20.854,5.8747,5.87695,2.40,1.60
2010.10.04 17:34:22.001,5.87475,5.87695,1.00,1.60
2010.10.04 17:34:22.563,5.8748,5.87695,1.00,1.60
2010.10.04 17:34:24.268,5.8748,5.877,1.00,2.40
2010.10.04 17:34:30.210,5.875,5.877,1.00,2.40
2010.10.04 17:34:30.344,5.87525,5.877,1.00,2.40
2010.10.04 17:34:30.672,5.87525,5.87735,1.00,1.60
2010.10.04 17:34:33.414,5.8751,5.87705,2.40,1.60
2010.10.04 17:34:33.512,5.8748,5.877,1.00,2.40
2010.10.04 17:34:34.730,5.8748,5.87695,1.00,1.60
2010.10.04 17:34:35.693,5.8748,5.87695,1.00,1.60
2010.10.04 17:34:36.051,5.8747,5.877,2.40,2.60
2010.10.04 17:34:37.465,5.8747,5.87695,2.40,1.60
2010.10.04 17:34:40.651,5.87475,5.87695,1.00,1.60
2010.10.04 17:34:42.037,5.8748,5.87695,1.00,1.60
2010.10.04 17:34:46.879,5.8748,5.87665,1.00,1.60
2010.10.04 17:34:47.365,5.8747,5.87665,2.40,1.60
2010.10.04 17:34:48.253,5.8747,5.87675,2.40,1.60
2010.10.04 17:34:48.673,5.87435,5.87655,1.00,1.60
2010.10.04 17:34:49.805,5.87435,5.8766,1.00,2.40
2010.10.04 17:34:51.454,5.87435,5.8766,1.00,2.40
2010.10.04 17:34:52.435,5.8744,5.8766,1.00,2.40
2010.10.04 17:34:53.699,5.8743,5.8762,2.40,1.60
2010.10.04 17:34:54.047,5.87395,5.8762,1.00,4.00
2010.10.04 17:34:55.587,5.8741,5.8762,1.00,2.40
2010.10.04 17:35:01.823,5.87395,5.87605,1.00,1.60
2010.10.04 17:35:02.413,5.87395,5.8757,1.00,2.40
2010.10.04 17:35:03.334,5.87355,5.8757,1.00,2.40
2010.10.04 17:35:03.576,5.87355,5.87555,1.00,1.60
2010.10.04 17:35:08.951,5.87355,5.87565,1.00,1.60
2010.10.04 17:35:19.423,5.8731,5.87525,1.00,1.60
2010.10.04 17:35:33.033,5.8731,5.8753,1.00,2.40
2010.10.04 17:35:34.018,5.8731,5.87525,1.00,1.60
2010.10.04 17:35:42.411,5.8731,5.8753,1.00,2.40
2010.10.04 17:35:43.403,5.8734,5.87545,2.40,1.80
2010.10.04 17:35:44.073,5.8734,5.87545,2.40,1.60
2010.10.04 17:35:48.147,5.87315,5.8753,1.00,2.40
2010.10.04 17:35:48.305,5.87325,5.8753,1.00,2.40
2010.10.04 17:35:49.541,5.87335,5.8753,1.00,2.40
2010.10.04 17:35:49.885,5.87345,5.87565,1.00,1.60
2010.10.04 17:35:50.904,5.8734,5.87555,2.40,1.60
2010.10.04 17:35:52.718,5.87345,5.87555,1.00,1.60
2010.10.04 17:35:53.066,5.87345,5.87555,1.00,1.60
2010.10.04 17:35:53.937,5.87345,5.8757,1.00,2.40
2010.10.04 17:35:54.076,5.8735,5.8757,1.00,2.40
2010.10.04 17:35:54.333,5.87345,5.8757,1.00,2.40
2010.10.04 17:35:54.594,5.8737,5.8757,1.00,2.40
2010.10.04 17:35:55.743,5.8737,5.8757,1.00,2.40
2010.10.04 17:35:56.631,5.8735,5.8757,1.00,2.40
2010.10.04 17:35:57.585,5.8737,5.8757,1.00,2.40
2010.10.04 17:36:03.589,5.8737,5.8757,1.00,2.40
2010.10.04 17:36:27.950,5.87385,5.8757,1.00,2.40
2010.10.04 17:36:28.071,5.87385,5.87585,1.00,1.60
2010.10.04 17:36:28.115,5.87385,5.87585,1.00,1.60
2010.10.04 17:36:28.862,5.87385,5.87595,1.00,1.60
2010.10.04 17:36:28.919,5.8743,5.87595,1.00,1.60
2010.10.04 17:36:29.270,5.87455,5.87655,1.00,1.60
2010.10.04 17:36:53.880,5.87455,5.8766,1.00,2.40
2010.10.04 17:37:00.302,5.87455,5.87665,1.00,1.60
2010.10.04 17:37:00.533,5.87475,5.87665,1.00,1.60
2010.10.04 17:37:01.452,5.8748,5.87675,1.00,1.60
2010.10.04 17:37:15.020,5.8748,5.87695,1.00,1.60
2010.10.04 17:37:15.900,5.8748,5.87675,1.00,1.60
2010.10.04 17:37:30.762,5.87475,5.87675,1.00,1.60
2010.10.04 17:37:43.167,5.8748,5.87675,3.00,1.60
2010.10.04 17:37:45.884,5.87475,5.87665,1.00,1.60
2010.10.04 17:37:45.932,5.87455,5.87665,1.00,1.60
2010.10.04 17:37:51.201,5.87455,5.87675,1.00,1.60
2010.10.04 17:37:51.413,5.87455,5.87665,1.00,1.60
2010.10.04 17:37:55.992,5.87475,5.87665,1.00,1.60
2010.10.04 17:37:56.834,5.87475,5.87675,1.00,1.60
2010.10.04 17:37:57.072,5.875,5.87685,1.00,1.60
2010.10.04 17:37:59.451,5.87495,5.87685,1.00,1.60
2010.10.04 17:38:01.483,5.87495,5.87705,1.00,1.60
2010.10.04 17:38:02.859,5.87495,5.87705,1.00,1.60
2010.10.04 17:38:03.121,5.8748,5.87695,3.00,1.60
2010.10.04 17:38:04.146,5.8748,5.87705,3.20,3.20
2010.10.04 17:38:04.290,5.8748,5.87685,3.20,1.60
2010.10.04 17:38:06.414,5.875,5.87685,1.00,1.60
2010.10.04 17:38:06.621,5.875,5.87705,1.00,3.20
2010.10.04 17:38:06.701,5.875,5.87705,1.00,1.60
2010.10.04 17:38:07.846,5.87495,5.87705,1.00,1.60
2010.10.04 17:38:11.473,5.87515,5.87705,1.00,1.60
2010.10.04 17:38:12.313,5.87515,5.87725,1.00,1.60
2010.10.04 17:38:12.657,5.87525,5.87725,1.00,1.60
2010.10.04 17:38:26.124,5.8748,5.87705,3.20,3.20
2010.10.04 17:38:27.363,5.8748,5.87685,3.20,1.60
2010.10.04 17:38:28.433,5.8748,5.87685,3.00,1.60
2010.10.04 17:38:29.151,5.87495,5.87685,1.00,1.60
2010.10.04 17:38:29.393,5.87495,5.87705,1.00,1.60
2010.10.04 17:38:29.973,5.875,5.87705,1.00,1.60
2010.10.04 17:38:31.390,5.87495,5.87705,1.00,1.60
2010.10.04 17:38:31.464,5.87495,5.87705,1.00,1.60
2010.10.04 17:38:38.060,5.875,5.87705,1.00,1.60
2010.10.04 17:38:42.940,5.875,5.87695,1.00,1.60
2010.10.04 17:39:30.364,5.875,5.87705,1.00,1.60
2010.10.04 17:39:44.051,5.87495,5.87705,1.00,1.60
2010.10.04 17:39:44.308,5.8748,5.877,1.00,2.40
2010.10.04 17:39:44.514,5.8748,5.87695,1.00,1.60
2010.10.04 17:39:45.661,5.8748,5.87685,1.00,1.60
2010.10.04 17:39:50.721,5.8748,5.87675,1.00,1.60
2010.10.04 17:39:59.715,5.8748,5.87695,1.00,1.60
2010.10.04 17:40:07.010,5.8749,5.87695,1.00,1.60
2010.10.04 17:40:07.130,5.8751,5.87705,2.40,1.60
2010.10.04 17:40:10.011,5.8751,5.8769,2.40,1.00
2010.10.04 17:40:10.949,5.8739,5.8766,1.00,2.40
2010.10.04 17:40:11.271,5.87375,5.87605,1.00,1.60
2010.10.04 17:40:12.562,5.87395,5.87595,1.00,1.60
2010.10.04 17:40:19.583,5.87395,5.87605,1.00,1.60
2010.10.04 17:40:19.613,5.87395,5.87605,1.00,1.60
2010.10.04 17:40:19.713,5.87395,5.87595,1.00,1.60
2010.10.04 17:40:21.241,5.87395,5.87605,1.00,1.60
2010.10.04 17:40:21.442,5.87395,5.87595,1.00,1.60
2010.10.04 17:40:48.815,5.87395,5.87595,1.00,1.60
2010.10.04 17:41:12.494,5.87395,5.87595,1.00,1.60
2010.10.04 17:41:17.742,5.87395,5.87605,1.00,1.60
2010.10.04 17:41:21.369,5.87395,5.87595,1.00,1.60
2010.10.04 17:41:28.623,5.87385,5.87585,1.00,1.60
2010.10.04 17:41:28.880,5.8735,5.87575,1.00,3.20
2010.10.04 17:41:32.366,5.8735,5.87565,1.00,1.60
2010.10.04 17:41:35.012,5.8735,5.87535,1.00,1.60
2010.10.04 17:41:35.339,5.8731,5.8753,1.00,2.40
2010.10.04 17:41:36.311,5.8731,5.87525,1.00,1.60
2010.10.04 17:41:39.011,5.8731,5.87515,1.00,1.60
2010.10.04 17:41:58.331,5.8731,5.87515,1.00,1.60
2010.10.04 17:41:58.600,5.8731,5.87505,1.00,1.60
2010.10.04 17:41:58.781,5.873,5.87505,2.40,1.60
2010.10.04 17:42:00.854,5.87285,5.8749,1.00,4.00
2010.10.04 17:42:01.026,5.87265,5.87485,1.00,1.60
2010.10.04 17:42:01.918,5.87275,5.87485,1.00,1.60
2010.10.04 17:42:02.111,5.8731,5.87515,1.00,1.60
2010.10.04 17:42:02.302,5.873,5.87515,3.00,1.60
2010.10.04 17:42:03.202,5.873,5.87515,2.40,1.60
2010.10.04 17:42:04.611,5.873,5.87495,2.40,1.60
2010.10.04 17:42:04.828,5.87265,5.8749,1.00,4.00
2010.10.04 17:42:05.042,5.87265,5.8749,1.00,4.00
2010.10.04 17:42:06.106,5.87285,5.8749,1.00,2.40
2010.10.04 17:42:06.843,5.87285,5.8749,1.00,2.40
2010.10.04 17:42:07.164,5.873,5.8749,1.00,2.40
2010.10.04 17:42:07.899,5.873,5.87515,2.60,1.60
2010.10.04 17:42:08.078,5.8731,5.87515,1.00,1.60
2010.10.04 17:42:10.416,5.8735,5.87555,1.00,1.60
2010.10.04 17:42:13.237,5.8735,5.87545,1.00,1.60
2010.10.04 17:42:24.412,5.8731,5.87515,1.00,1.60
2010.10.04 17:42:39.606,5.8731,5.8753,1.00,2.40
2010.10.04 17:42:41.167,5.8731,5.8753,1.00,2.40
2010.10.04 17:42:41.421,5.8735,5.8753,1.00,2.40
2010.10.04 17:42:41.672,5.8734,5.87555,3.00,1.60
2010.10.04 17:42:41.921,5.8734,5.87555,2.40,1.60
2010.10.04 17:42:49.291,5.8734,5.87555,2.60,1.60
2010.10.04 17:42:49.410,5.8734,5.87565,2.60,1.60
2010.10.04 17:42:49.470,5.87345,5.87565,1.00,1.60
2010.10.04 17:42:49.591,5.87345,5.87565,1.00,1.60
2010.10.04 17:42:59.047,5.8735,5.87565,1.00,1.60
2010.10.04 17:43:00.191,5.8735,5.87555,1.00,1.60
2010.10.04 17:43:13.232,5.8735,5.87545,1.00,1.60
2010.10.04 17:43:14.405,5.87345,5.87545,1.00,1.60
2010.10.04 17:43:14.447,5.8737,5.87565,1.00,1.60
2010.10.04 17:43:14.730,5.8741,5.87615,1.00,1.60
2010.10.04 17:43:16.359,5.87395,5.87615,1.00,1.60
2010.10.04 17:43:17.673,5.87395,5.87615,1.00,1.60
2010.10.04 17:43:20.409,5.87395,5.87615,1.00,1.60
2010.10.04 17:43:44.671,5.87395,5.87605,1.00,1.60
2010.10.04 17:43:50.036,5.8738,5.87585,4.00,1.00
2010.10.04 17:43:50.998,5.8738,5.87575,2.40,1.60
2010.10.04 17:43:51.294,5.8737,5.87565,1.00,1.60
2010.10.04 17:43:56.966,5.8737,5.8757,1.00,2.40
2010.10.04 17:43:58.176,5.8735,5.8757,1.00,2.40
2010.10.04 17:44:01.185,5.8735,5.8757,1.00,2.40
2010.10.04 17:44:03.283,5.8735,5.8757,1.00,2.40
2010.10.04 17:44:15.715,5.87325,5.8753,1.00,2.40
2010.10.04 17:44:16.715,5.8731,5.8753,1.00,2.40
2010.10.04 17:44:18.394,5.87325,5.8753,1.00,2.40
2010.10.04 17:44:27.468,5.8731,5.8753,1.00,2.40
2010.10.04 17:44:29.366,5.87325,5.8753,1.00,2.40
2010.10.04 17:44:31.038,5.8733,5.8753,1.00,2.40
2010.10.04 17:44:31.164,5.87325,5.8753,1.00,2.40
2010.10.04 17:44:31.224,5.8734,5.87545,2.40,1.00
2010.10.04 17:44:31.294,5.8734,5.87545,4.00,1.00
2010.10.04 17:44:31.367,5.87345,5.8753,1.00,2.40
2010.10.04 17:44:32.100,5.87325,5.8753,1.00,2.40
2010.10.04 17:45:00.601,5.87325,5.8753,1.00,2.40
2010.10.04 17:45:00.774,5.8737,5.8753,1.00,2.40
2010.10.04 17:45:01.591,5.8737,5.87555,1.00,1.60
2010.10.04 17:45:01.830,5.8737,5.8757,1.00,2.40
2010.10.04 17:45:03.501,5.8734,5.8757,4.00,2.60
2010.10.04 17:45:04.468,5.8734,5.87555,2.40,1.60
2010.10.04 17:45:08.050,5.8735,5.87555,1.00,1.60
2010.10.04 17:45:08.182,5.8737,5.87555,1.00,1.60
2010.10.04 17:45:08.311,5.8737,5.8757,1.00,2.40
2010.10.04 17:45:23.733,5.87385,5.87605,1.00,1.60
2010.10.04 17:45:24.842,5.8743,5.87655,3.00,1.60
2010.10.04 17:45:25.802,5.8743,5.87645,3.00,1.60
2010.10.04 17:45:27.181,5.8743,5.87645,2.40,1.60
2010.10.04 17:46:10.395,5.8743,5.87635,2.40,1.60
2010.10.04 17:46:10.595,5.87395,5.87615,1.00,1.60
2010.10.04 17:46:11.653,5.87395,5.87605,1.00,1.60
2010.10.04 17:46:15.637,5.87395,5.87595,1.00,1.60
2010.10.04 17:46:15.813,5.87355,5.8757,1.00,2.40
2010.10.04 17:46:16.658,5.87355,5.87565,1.00,1.60
2010.10.04 17:46:28.021,5.8734,5.87555,2.40,1.60
2010.10.04 17:46:37.758,5.873,5.87525,2.40,1.80
2010.10.04 17:46:37.836,5.873,5.87515,2.40,1.60
2010.10.04 17:46:49.652,5.873,5.87515,3.00,1.60
2010.10.04 17:46:51.657,5.873,5.8749,2.40,1.00
2010.10.04 17:46:51.715,5.873,5.8749,2.40,1.80
2010.10.04 17:46:51.831,5.8727,5.8749,1.00,4.20
2010.10.04 17:46:52.608,5.87285,5.8749,1.00,4.20
2010.10.04 17:46:52.962,5.87285,5.8749,1.00,2.40
2010.10.04 17:47:16.530,5.873,5.87525,3.00,1.60
2010.10.04 17:47:20.081,5.87325,5.87525,1.00,1.60
2010.10.04 17:47:20.290,5.87325,5.8753,1.00,2.40
2010.10.04 17:47:22.383,5.8731,5.8753,1.00,2.40
2010.10.04 17:47:26.454,5.8731,5.8749,1.00,1.00
2010.10.04 17:47:26.532,5.8731,5.8753,1.00,2.40
2010.10.04 17:47:26.606,5.8731,5.87525,1.00,1.60
2010.10.04 17:47:27.396,5.873,5.87525,2.40,1.60
2010.10.04 17:47:27.682,5.87285,5.8749,1.00,2.40
2010.10.04 17:47:47.488,5.87285,5.8749,1.00,2.40
2010.10.04 17:47:48.700,5.873,5.87525,2.40,1.60
2010.10.04 17:47:48.837,5.873,5.87525,3.00,1.60
2010.10.04 17:47:51.660,5.873,5.87515,3.00,1.60
2010.10.04 17:47:56.872,5.873,5.8749,3.00,1.80
2010.10.04 17:47:57.112,5.87285,5.8749,1.00,2.40
2010.10.04 17:48:44.065,5.87295,5.8749,1.60,2.40
2010.10.04 17:48:44.214,5.873,5.87505,3.00,1.60
2010.10.04 17:48:44.366,5.873,5.87505,2.40,1.60
2010.10.04 17:48:48.364,5.873,5.87515,3.00,1.60
2010.10.04 17:48:54.732,5.873,5.8749,1.00,2.40
2010.10.04 17:48:54.841,5.873,5.8745,1.00,1.00
2010.10.04 17:48:54.957,5.873,5.8745,1.00,1.80
2010.10.04 17:48:55.702,5.8726,5.8745,2.40,1.80
2010.10.04 17:48:55.952,5.8724,5.8744,1.00,2.40
2010.10.04 17:48:57.136,5.8726,5.87455,2.40,1.60
2010.10.04 17:48:57.446,5.8726,5.8749,2.40,4.00
2010.10.04 17:48:59.337,5.8726,5.8749,2.40,4.20
2010.10.04 17:49:01.753,5.8726,5.87485,2.40,1.60
2010.10.04 17:49:02.654,5.8726,5.87475,2.40,1.60
2010.10.04 17:49:21.897,5.8726,5.87465,2.40,1.60
2010.10.04 17:49:28.592,5.8726,5.8745,2.40,1.00
2010.10.04 17:49:28.704,5.8726,5.8745,2.40,1.80
2010.10.04 17:49:28.764,5.8726,5.87445,2.40,1.60
2010.10.04 17:49:29.497,5.87225,5.8744,1.00,2.40
2010.10.04 17:50:02.023,5.8724,5.8744,1.00,2.40
2010.10.04 17:50:09.870,5.87255,5.8748,1.00,2.40
2010.10.04 17:50:24.352,5.87255,5.87465,1.00,1.60
2010.10.04 17:50:24.561,5.87255,5.87475,1.00,1.60
2010.10.04 17:50:25.443,5.87255,5.87465,1.00,1.60
2010.10.04 17:50:25.993,5.87255,5.87475,1.00,1.60
2010.10.04 17:50:28.901,5.8725,5.87465,2.40,1.60
2010.10.04 17:50:29.918,5.8722,5.8744,1.00,2.40
2010.10.04 17:50:57.940,5.8724,5.8744,1.00,2.40
2010.10.04 17:51:00.939,5.87255,5.8744,1.00,2.40
2010.10.04 17:51:01.086,5.8725,5.87455,2.40,1.60
2010.10.04 17:51:07.205,5.8725,5.87465,2.40,1.60
2010.10.04 17:51:07.323,5.8725,5.8746,2.40,1.00
2010.10.04 17:51:07.432,5.8725,5.87455,2.40,1.60
2010.10.04 17:51:08.487,5.8724,5.8744,1.00,2.40
2010.10.04 17:51:48.191,5.8722,5.8744,1.00,2.40
2010.10.04 17:51:56.217,5.8725,5.8744,1.80,2.40
2010.10.04 17:51:57.036,5.87255,5.87475,1.00,1.60
2010.10.04 17:52:00.829,5.8725,5.87475,2.40,1.60
2010.10.04 17:52:18.517,5.8725,5.87475,4.00,1.60
2010.10.04 17:52:18.601,5.87255,5.87475,1.00,1.60
2010.10.04 17:52:39.486,5.87255,5.8748,1.00,2.40
2010.10.04 17:52:45.179,5.87255,5.87475,1.00,1.60
2010.10.04 17:52:45.772,5.87285,5.87475,1.00,1.60
2010.10.04 17:52:46.939,5.87265,5.8748,1.00,2.40
2010.10.04 17:53:07.219,5.873,5.8752,1.00,2.40
2010.10.04 17:53:13.421,5.873,5.8749,1.00,1.60
2010.10.04 17:53:13.649,5.87285,5.8749,1.00,2.40
2010.10.04 17:53:20.553,5.87285,5.8749,1.00,2.40
2010.10.04 17:53:20.704,5.873,5.87525,2.40,1.60
2010.10.04 17:53:20.854,5.873,5.87525,3.00,1.60
2010.10.04 17:53:22.982,5.873,5.8753,3.00,2.40
2010.10.04 17:53:24.005,5.87345,5.8757,1.00,2.40
2010.10.04 17:53:53.049,5.8738,5.87605,4.20,1.60
2010.10.04 17:53:53.788,5.87385,5.87605,1.00,1.60
2010.10.04 17:53:54.032,5.8738,5.87605,2.40,1.60
2010.10.04 17:53:56.009,5.87385,5.87605,1.00,1.60
2010.10.04 17:53:56.741,5.87385,5.87615,1.00,1.60
2010.10.04 17:53:57.029,5.8741,5.8762,1.00,2.40
2010.10.04 17:54:02.751,5.87415,5.8762,1.00,2.40
2010.10.04 17:54:03.557,5.8743,5.8762,1.00,2.40
2010.10.04 17:54:03.646,5.8743,5.8766,3.00,2.40
2010.10.04 17:54:04.806,5.8743,5.87655,2.40,1.60
2010.10.04 17:54:06.536,5.8743,5.8765,2.40,1.00
2010.10.04 17:54:07.271,5.8743,5.8765,3.00,1.00
2010.10.04 17:54:07.333,5.8743,5.87655,3.00,1.60
2010.10.04 17:54:08.149,5.8743,5.8766,3.00,2.40
2010.10.04 17:54:19.377,5.8743,5.87655,2.40,1.60
2010.10.04 17:54:20.886,5.8743,5.87655,2.40,1.80
2010.10.04 17:54:31.471,5.8743,5.87655,2.40,1.00
2010.10.04 17:54:34.213,5.8743,5.8766,2.40,2.40
2010.10.04 17:54:34.323,5.8743,5.8766,3.00,2.40
2010.10.04 17:54:51.812,5.8743,5.8762,2.40,1.00
2010.10.04 17:54:51.894,5.8741,5.8762,1.00,2.60
2010.10.04 17:54:51.948,5.8741,5.8762,1.00,2.40
2010.10.04 17:54:55.341,5.8743,5.8762,1.00,2.40
2010.10.04 17:54:55.582,5.8743,5.8766,3.00,2.40
2010.10.04 17:54:57.035,5.8743,5.87645,3.00,1.60
2010.10.04 17:55:10.105,5.8743,5.8762,3.00,1.00
2010.10.04 17:55:10.328,5.8741,5.8762,1.00,2.40
2010.10.04 17:55:18.651,5.8741,5.87625,1.00,1.60
2010.10.04 17:55:25.587,5.8743,5.87645,1.00,1.60
2010.10.04 17:55:30.483,5.8743,5.87655,1.00,1.60
2010.10.04 17:55:35.177,5.8743,5.87645,1.00,1.60
2010.10.04 17:55:42.710,5.87425,5.87645,1.60,1.60
2010.10.04 17:55:42.796,5.8741,5.87645,1.00,1.60
2010.10.04 17:55:46.182,5.8741,5.87635,1.00,1.60
2010.10.04 17:55:47.413,5.8743,5.87645,1.00,1.60
2010.10.04 17:55:48.530,5.8743,5.87665,1.00,3.20
2010.10.04 17:55:48.854,5.8743,5.87665,1.00,3.40
2010.10.04 17:55:52.019,5.8743,5.87665,1.00,3.20
2010.10.04 17:55:52.081,5.8741,5.87665,1.00,3.40
2010.10.04 17:55:52.185,5.8742,5.87665,1.00,3.20
2010.10.04 17:55:52.383,5.87425,5.87665,1.60,3.20
2010.10.04 17:55:52.482,5.8743,5.87665,1.00,3.20
2010.10.04 17:55:56.126,5.8743,5.87665,1.00,3.40
2010.10.04 17:56:00.283,5.8743,5.87665,1.00,1.80
2010.10.04 17:56:06.437,5.8746,5.87665,1.00,1.60
2010.10.04 17:56:06.657,5.8747,5.87685,1.00,1.60
2010.10.04 17:56:06.867,5.8747,5.87705,1.00,3.20
2010.10.04 17:56:07.615,5.87455,5.87705,1.00,3.20
2010.10.04 17:56:08.252,5.87455,5.87695,1.00,1.00
2010.10.04 17:56:23.250,5.87455,5.87695,1.00,1.80
2010.10.04 17:56:26.162,5.87455,5.87675,1.00,1.00
2010.10.04 17:56:26.398,5.8744,5.87665,2.40,1.60
2010.10.04 17:56:27.867,5.8744,5.87665,2.40,1.80
2010.10.04 17:56:36.252,5.8744,5.87665,2.40,1.60
2010.10.04 17:56:36.385,5.87455,5.87665,1.00,1.60
2010.10.04 17:56:37.536,5.8744,5.87665,2.40,1.60
2010.10.04 17:56:39.762,5.8744,5.87665,2.40,1.80
2010.10.04 17:57:06.376,5.87465,5.87665,1.60,1.80
2010.10.04 17:57:08.431,5.8744,5.87665,2.40,1.80
2010.10.04 17:57:10.968,5.87465,5.87665,1.00,1.60
2010.10.04 17:57:11.154,5.87465,5.87705,1.80,3.40
2010.10.04 17:57:11.254,5.8747,5.87705,1.00,3.40
2010.10.04 17:57:12.313,5.8747,5.87705,1.00,1.80
2010.10.04 17:57:18.070,5.87465,5.87705,1.00,1.80
2010.10.04 17:57:18.230,5.87455,5.87705,1.00,3.20
2010.10.04 17:57:20.728,5.87455,5.87695,1.00,1.00
2010.10.04 17:57:34.126,5.8747,5.87705,1.00,1.60
2010.10.04 17:57:35.524,5.8747,5.87705,1.00,1.80
2010.10.04 17:57:44.742,5.87505,5.87705,1.00,1.60
2010.10.04 17:57:44.904,5.8751,5.8771,1.60,2.40
2010.10.04 17:57:45.713,5.8752,5.8775,2.40,4.20
2010.10.04 17:57:46.063,5.87515,5.8774,1.00,2.40
2010.10.04 17:57:59.963,5.87495,5.8774,1.00,2.40
2010.10.04 17:58:01.869,5.87495,5.8774,1.00,2.60
2010.10.04 17:58:17.512,5.87495,5.8772,1.00,1.00
2010.10.04 17:58:18.316,5.8748,5.87705,1.00,1.60
2010.10.04 17:58:20.057,5.8748,5.87705,1.00,1.80
2010.10.04 17:58:49.211,5.87455,5.877,1.40,2.40
2010.10.04 17:58:49.352,5.87455,5.877,1.00,2.40
2010.10.04 17:58:52.548,5.87455,5.87695,1.00,1.00
2010.10.04 17:59:08.857,5.87455,5.87675,1.00,1.00
2010.10.04 17:59:08.988,5.87455,5.87665,1.00,1.60
2010.10.04 17:59:10.113,5.87435,5.87665,1.00,1.80
2010.10.04 17:59:19.060,5.87465,5.87665,1.60,1.00
2010.10.04 17:59:19.223,5.87465,5.877,1.60,2.40
2010.10.04 17:59:20.026,5.87455,5.87665,1.00,1.00
2010.10.04 17:59:20.329,5.87455,5.877,1.00,2.40
2010.10.04 17:59:21.205,5.8743,5.87665,3.00,1.60
2010.10.04 17:59:22.242,5.8745,5.877,1.00,2.40
2010.10.04 17:59:23.113,5.8743,5.877,3.00,4.00
2010.10.04 17:59:25.689,5.87435,5.87695,1.00,1.00
2010.10.04 17:59:25.802,5.8743,5.8767,3.00,1.00
2010.10.04 17:59:25.963,5.8743,5.87655,3.00,1.60
2010.10.04 17:59:26.111,5.8743,5.87655,2.40,1.60
2010.10.04 17:59:51.760,5.8734,5.87615,4.00,1.60
2010.10.04 17:59:52.970,5.8734,5.8759,4.00,1.00
2010.10.04 17:59:54.348,5.8734,5.87595,4.00,1.00
2010.10.04 17:59:54.634,5.8734,5.87585,4.00,1.00
2010.10.04 17:59:56.922,5.8734,5.8759,4.00,1.00
2010.10.04 17:59:57.565,5.8734,5.87585,4.00,1.00
2010.10.04 17:59:59.092,5.8734,5.8759,4.00,1.00
