2017.09.22 11:00:00.019,7.78833,7.78932,1.00,1.00
2017.09.22 11:00:00.275,7.78824,7.78932,1.00,1.00
2017.09.22 11:00:00.326,7.78822,7.78932,1.50,1.00
2017.09.22 11:00:00.530,7.78839,7.78932,1.00,1.00
2017.09.22 11:00:00.683,7.78834,7.78932,1.00,1.00
2017.09.22 11:00:00.734,7.78838,7.78946,1.00,1.00
2017.09.22 11:00:00.886,7.78828,7.78946,1.00,1.00
2017.09.22 11:00:00.937,7.78825,7.78939,1.00,1.00
2017.09.22 11:00:01.241,7.788,7.78894,1.00,1.00
2017.09.22 11:00:01.292,7.78805,7.78913,1.00,1.00
2017.09.22 11:00:01.445,7.788,7.78913,1.00,1.00
2017.09.22 11:00:01.847,7.78811,7.78913,1.00,1.00
2017.09.22 11:00:02.162,7.78816,7.78913,1.00,1.00
2017.09.22 11:00:02.265,7.7881,7.78913,1.00,1.00
2017.09.22 11:00:02.366,7.78793,7.78912,1.00,1.00
2017.09.22 11:00:02.417,7.78793,7.7891,1.00,1.00
2017.09.22 11:00:02.722,7.78789,7.78892,1.00,1.00
2017.09.22 11:00:03.038,7.7882,7.78924,1.00,1.00
2017.09.22 11:00:03.396,7.78824,7.78924,1.00,1.00
2017.09.22 11:00:03.867,7.78833,7.78924,1.00,1.00
2017.09.22 11:00:03.918,7.78825,7.78943,1.00,1.00
2017.09.22 11:00:03.971,7.78825,7.78946,1.50,1.00
2017.09.22 11:00:04.022,7.78825,7.78933,1.00,1.00
2017.09.22 11:00:04.391,7.78835,7.78933,1.00,1.00
2017.09.22 11:00:06.108,7.78854,7.78933,1.00,1.00
2017.09.22 11:00:06.330,7.78879,7.78975,1.00,1.00
2017.09.22 11:00:06.737,7.78883,7.78975,1.00,1.00
2017.09.22 11:00:07.557,7.78879,7.78975,1.00,1.00
2017.09.22 11:00:08.105,7.78897,7.78975,1.00,1.00
2017.09.22 11:00:08.156,7.78893,7.78975,1.00,1.00
2017.09.22 11:00:08.207,7.78879,7.78989,1.00,1.00
2017.09.22 11:00:08.392,7.78879,7.78976,1.00,1.00
2017.09.22 11:00:08.446,7.78876,7.78976,1.00,1.00
2017.09.22 11:00:09.412,7.78893,7.78976,1.00,1.00
2017.09.22 11:00:09.713,7.78936,7.7902,1.00,1.00
2017.09.22 11:00:09.764,7.78938,7.7902,1.00,1.00
2017.09.22 11:00:09.815,7.78938,7.79034,1.00,1.00
2017.09.22 11:00:09.867,7.78928,7.79034,1.00,1.00
2017.09.22 11:00:10.146,7.78925,7.79034,1.00,1.00
2017.09.22 11:00:10.197,7.78919,7.79034,1.00,1.00
2017.09.22 11:00:10.248,7.78925,7.79034,1.00,1.00
2017.09.22 11:00:10.677,7.78917,7.79034,1.00,1.00
2017.09.22 11:00:10.728,7.78902,7.7902,1.00,1.00
2017.09.22 11:00:10.830,7.78897,7.79008,1.00,1.00
2017.09.22 11:00:11.136,7.78913,7.79008,1.00,1.00
2017.09.22 11:00:11.560,7.78918,7.79008,1.00,1.00
2017.09.22 11:00:11.868,7.78924,7.79008,1.00,1.00
2017.09.22 11:00:12.222,7.78932,7.79008,1.00,1.00
2017.09.22 11:00:12.324,7.78932,7.79028,1.00,1.00
2017.09.22 11:00:12.375,7.78932,7.79034,1.00,1.00
2017.09.22 11:00:12.426,7.78914,7.7903,1.00,1.00
2017.09.22 11:00:12.527,7.7891,7.79021,1.00,1.00
2017.09.22 11:00:13.214,7.7891,7.79008,1.00,1.00
2017.09.22 11:00:19.986,7.78892,7.79008,1.00,1.00
2017.09.22 11:00:20.038,7.78888,7.79006,1.00,1.00
2017.09.22 11:00:20.190,7.7888,7.78983,1.00,1.00
2017.09.22 11:00:22.581,7.78871,7.78983,1.00,1.00
2017.09.22 11:00:23.904,7.78896,7.78983,1.00,1.00
2017.09.22 11:00:23.955,7.78894,7.78983,1.00,1.00
2017.09.22 11:00:24.006,7.78901,7.78983,1.00,1.00
2017.09.22 11:00:24.526,7.789,7.78983,1.00,1.00
2017.09.22 11:00:24.628,7.789,7.79002,1.00,1.00
2017.09.22 11:00:25.789,7.78884,7.79002,1.00,1.00
2017.09.22 11:00:25.840,7.78881,7.78989,1.00,1.00
2017.09.22 11:00:25.892,7.78881,7.78994,1.00,1.00
2017.09.22 11:00:25.943,7.78871,7.78982,1.00,1.00
2017.09.22 11:00:25.994,7.78867,7.78982,1.00,1.00
2017.09.22 11:00:26.752,7.78867,7.78968,1.00,1.00
2017.09.22 11:00:26.853,7.78867,7.78983,1.00,1.00
2017.09.22 11:00:27.518,7.7888,7.78983,1.00,1.00
2017.09.22 11:00:27.772,7.78889,7.78996,1.00,1.00
2017.09.22 11:00:27.824,7.78884,7.78996,1.00,1.00
2017.09.22 11:00:27.875,7.78889,7.79007,1.00,1.00
2017.09.22 11:00:27.977,7.78884,7.78997,1.00,1.00
2017.09.22 11:00:28.284,7.78918,7.78997,1.00,1.00
2017.09.22 11:00:28.335,7.78928,7.79016,1.00,1.00
2017.09.22 11:00:28.386,7.78934,7.79023,1.00,1.00
2017.09.22 11:00:28.585,7.78934,7.79036,1.00,1.00
2017.09.22 11:00:28.768,7.78928,7.79036,1.00,1.00
2017.09.22 11:00:28.819,7.78915,7.79021,1.00,1.00
2017.09.22 11:00:28.871,7.78902,7.79015,1.00,1.00
2017.09.22 11:00:28.922,7.78902,7.79003,1.00,1.00
2017.09.22 11:00:28.973,7.78871,7.7899,1.00,1.00
2017.09.22 11:00:29.024,7.78878,7.7899,1.00,1.00
2017.09.22 11:00:29.262,7.78871,7.7899,1.00,1.00
2017.09.22 11:00:29.364,7.7887,7.78981,1.00,1.00
2017.09.22 11:00:29.690,7.78857,7.7896,1.00,1.00
2017.09.22 11:00:30.238,7.78858,7.7896,1.00,1.00
2017.09.22 11:00:30.289,7.78842,7.78958,1.00,1.00
2017.09.22 11:00:30.442,7.78838,7.78942,1.00,1.00
2017.09.22 11:00:30.787,7.78844,7.78942,1.00,1.00
2017.09.22 11:00:31.265,7.78839,7.78942,1.00,1.00
2017.09.22 11:00:31.367,7.78835,7.78942,1.00,1.00
2017.09.22 11:00:31.418,7.78822,7.78938,1.00,1.00
2017.09.22 11:00:31.469,7.78822,7.78932,1.00,1.00
2017.09.22 11:00:31.814,7.78832,7.78925,1.00,1.00
2017.09.22 11:00:32.393,7.78835,7.78925,1.00,1.00
2017.09.22 11:00:32.647,7.78835,7.78939,1.00,1.00
2017.09.22 11:00:36.519,7.7883,7.78939,1.00,1.00
2017.09.22 11:00:36.925,7.78819,7.78933,1.00,1.00
2017.09.22 11:00:36.976,7.78811,7.78924,1.00,1.00
2017.09.22 11:00:37.078,7.78807,7.78924,1.00,1.00
2017.09.22 11:00:37.346,7.78816,7.78924,1.00,1.00
2017.09.22 11:00:37.657,7.78825,7.78924,1.00,1.00
2017.09.22 11:00:40.568,7.78806,7.78912,1.00,1.00
2017.09.22 11:00:40.620,7.78811,7.78912,1.00,1.00
2017.09.22 11:00:40.672,7.78807,7.78912,1.00,1.00
2017.09.22 11:00:40.723,7.78822,7.78912,1.00,1.00
2017.09.22 11:00:41.126,7.78825,7.78912,1.00,1.00
2017.09.22 11:00:41.279,7.78825,7.78927,1.00,1.00
2017.09.22 11:00:41.836,7.78818,7.78927,1.00,1.00
2017.09.22 11:00:42.608,7.78821,7.78927,1.00,1.00
2017.09.22 11:00:42.954,7.78825,7.78927,1.00,1.00
2017.09.22 11:00:43.226,7.78821,7.78927,1.00,1.00
2017.09.22 11:00:43.278,7.78817,7.78927,1.00,1.00
2017.09.22 11:00:44.572,7.78812,7.78927,1.00,1.00
2017.09.22 11:00:44.623,7.78807,7.78925,1.00,1.00
2017.09.22 11:00:44.675,7.78807,7.78916,1.00,1.00
2017.09.22 11:00:44.777,7.78789,7.78905,1.00,1.00
2017.09.22 11:00:44.879,7.78789,7.78892,1.00,1.00
2017.09.22 11:00:45.195,7.78797,7.78892,1.00,1.00
2017.09.22 11:00:45.524,7.78799,7.78892,1.00,1.00
2017.09.22 11:00:45.880,7.78792,7.78892,1.00,1.00
2017.09.22 11:00:46.590,7.78787,7.78892,1.00,1.00
2017.09.22 11:00:46.895,7.78784,7.78892,1.00,1.00
2017.09.22 11:00:49.254,7.78778,7.78892,1.00,1.00
2017.09.22 11:00:49.305,7.78784,7.78892,1.00,1.00
2017.09.22 11:00:49.357,7.78782,7.78892,1.00,1.00
2017.09.22 11:00:49.529,7.78789,7.78892,1.00,1.00
2017.09.22 11:00:49.884,7.78793,7.78892,1.00,1.00
2017.09.22 11:00:50.216,7.78797,7.78892,1.00,1.00
2017.09.22 11:00:50.675,7.78814,7.78892,1.00,1.00
2017.09.22 11:00:50.726,7.78814,7.78909,1.00,1.00
2017.09.22 11:00:51.030,7.78814,7.78924,1.00,1.00
2017.09.22 11:00:51.224,7.78806,7.78924,1.00,1.00
2017.09.22 11:00:51.276,7.7882,7.78924,1.00,1.00
2017.09.22 11:00:51.479,7.78815,7.78923,1.00,1.00
2017.09.22 11:00:51.530,7.78805,7.78915,1.00,1.00
2017.09.22 11:00:51.582,7.78805,7.78919,1.00,1.00
2017.09.22 11:00:51.634,7.78796,7.7891,1.00,1.00
2017.09.22 11:00:51.970,7.78796,7.78896,1.00,1.00
2017.09.22 11:00:52.318,7.78803,7.78896,1.00,1.00
2017.09.22 11:00:52.630,7.78805,7.78896,1.00,1.00
2017.09.22 11:00:52.934,7.78831,7.78932,1.00,1.00
2017.09.22 11:00:56.081,7.78825,7.78932,1.00,1.00
2017.09.22 11:00:57.275,7.78822,7.78932,1.00,1.00
2017.09.22 11:00:57.715,7.78812,7.78928,1.00,1.00
2017.09.22 11:00:57.767,7.78812,7.78923,1.00,1.00
2017.09.22 11:00:57.869,7.78812,7.78925,1.00,1.00
2017.09.22 11:00:57.922,7.78803,7.78901,1.00,1.00
2017.09.22 11:00:58.227,7.78812,7.78901,1.00,1.00
2017.09.22 11:00:58.323,7.78812,7.78921,1.00,1.00
2017.09.22 11:00:58.374,7.78818,7.78923,1.00,1.00
2017.09.22 11:00:58.476,7.78808,7.78923,1.00,1.00
2017.09.22 11:00:58.978,7.78803,7.78923,1.50,1.00
2017.09.22 11:00:59.705,7.78803,7.78921,1.00,1.00
2017.09.22 11:00:59.756,7.78803,7.78923,1.50,1.00
2017.09.22 11:00:59.857,7.78817,7.78923,1.00,1.00
2017.09.22 11:00:59.959,7.78814,7.78923,1.00,1.00
2017.09.22 11:01:00.213,7.78824,7.78923,1.00,1.00
2017.09.22 11:01:00.314,7.7884,7.78943,1.00,1.00
2017.09.22 11:01:00.470,7.78837,7.78949,1.00,1.00
2017.09.22 11:01:01.282,7.78845,7.78949,1.00,1.00
2017.09.22 11:01:01.998,7.78841,7.78949,1.00,1.00
2017.09.22 11:01:02.049,7.78835,7.78949,1.00,1.00
2017.09.22 11:01:02.151,7.78831,7.78949,1.00,1.50
2017.09.22 11:01:02.203,7.78836,7.78949,1.00,1.00
2017.09.22 11:01:02.538,7.78841,7.78945,1.00,1.00
2017.09.22 11:01:02.742,7.78847,7.78964,1.00,1.00
2017.09.22 11:01:02.793,7.78853,7.78964,1.00,1.00
2017.09.22 11:01:03.098,7.78843,7.78951,1.00,1.00
2017.09.22 11:01:05.137,7.78842,7.78951,1.00,1.00
2017.09.22 11:01:07.118,7.78837,7.78951,1.00,1.00
2017.09.22 11:01:07.574,7.78841,7.78951,1.00,1.00
2017.09.22 11:01:08.055,7.78843,7.78951,1.00,1.00
2017.09.22 11:01:09.922,7.78859,7.78951,1.00,1.00
2017.09.22 11:01:10.227,7.7895,7.79011,1.00,1.00
2017.09.22 11:01:10.278,7.78938,7.7903,1.00,1.00
2017.09.22 11:01:10.433,7.78944,7.7905,1.00,1.00
2017.09.22 11:01:10.484,7.78933,7.79031,1.00,1.00
2017.09.22 11:01:10.687,7.78937,7.79044,1.00,1.00
2017.09.22 11:01:10.789,7.78924,7.79044,1.50,1.00
2017.09.22 11:01:10.840,7.78938,7.79044,1.00,1.00
2017.09.22 11:01:10.992,7.78938,7.7905,1.00,1.00
2017.09.22 11:01:11.301,7.78957,7.7905,1.00,1.00
2017.09.22 11:01:11.403,7.7895,7.7905,1.00,1.00
2017.09.22 11:01:11.455,7.78942,7.7905,1.00,1.00
2017.09.22 11:01:11.506,7.7895,7.79059,1.00,1.00
2017.09.22 11:01:11.557,7.78937,7.79057,1.00,1.00
2017.09.22 11:01:11.608,7.78937,7.79049,1.00,1.00
2017.09.22 11:01:11.710,7.78937,7.79054,1.00,1.00
2017.09.22 11:01:11.761,7.78939,7.79031,1.00,1.00
2017.09.22 11:01:12.077,7.78981,7.79071,1.00,1.00
2017.09.22 11:01:12.128,7.78981,7.79081,1.00,1.00
2017.09.22 11:01:12.382,7.78978,7.79081,1.00,1.00
2017.09.22 11:01:12.530,7.78982,7.79081,1.00,1.00
2017.09.22 11:01:13.058,7.78983,7.79081,1.00,1.00
2017.09.22 11:01:13.471,7.78979,7.79081,1.00,1.00
2017.09.22 11:01:14.179,7.78984,7.79081,1.00,1.00
2017.09.22 11:01:14.302,7.7899,7.79101,1.00,1.00
2017.09.22 11:01:14.354,7.79036,7.79111,1.00,1.00
2017.09.22 11:01:14.406,7.79036,7.79131,1.00,1.00
2017.09.22 11:01:14.457,7.79036,7.79139,1.00,1.00
2017.09.22 11:01:14.508,7.79023,7.79136,1.00,1.00
2017.09.22 11:01:14.560,7.79023,7.79125,1.00,1.00
2017.09.22 11:01:14.611,7.7901,7.79129,1.00,1.00
2017.09.22 11:01:14.712,7.79007,7.79117,1.00,1.00
2017.09.22 11:01:15.398,7.79002,7.79117,1.00,1.00
2017.09.22 11:01:16.327,7.79006,7.79117,1.00,1.00
2017.09.22 11:01:16.813,7.79003,7.79117,1.00,1.00
2017.09.22 11:01:18.602,7.78997,7.79103,1.00,1.00
2017.09.22 11:01:18.703,7.78983,7.79092,1.00,1.00
2017.09.22 11:01:18.971,7.78972,7.79092,1.00,1.00
2017.09.22 11:01:19.073,7.78971,7.79079,1.00,1.00
2017.09.22 11:01:19.378,7.79,7.79098,1.00,1.00
2017.09.22 11:01:19.764,7.7899,7.79098,1.00,1.00
2017.09.22 11:01:19.815,7.78996,7.79098,1.00,1.00
2017.09.22 11:01:20.805,7.78972,7.7909,1.00,1.00
2017.09.22 11:01:20.856,7.78974,7.79097,1.00,1.00
2017.09.22 11:01:20.907,7.78974,7.79079,1.00,1.00
2017.09.22 11:01:21.843,7.78962,7.79079,1.00,1.00
2017.09.22 11:01:21.894,7.78959,7.79079,1.00,1.00
2017.09.22 11:01:21.946,7.78959,7.79071,1.00,1.00
2017.09.22 11:01:21.997,7.78949,7.79064,1.00,1.00
2017.09.22 11:01:22.099,7.78949,7.79051,1.00,1.00
2017.09.22 11:01:22.439,7.78972,7.79051,1.00,1.00
2017.09.22 11:01:22.490,7.78972,7.79067,1.00,1.00
2017.09.22 11:01:22.541,7.7898,7.79067,1.00,1.00
2017.09.22 11:01:22.592,7.78991,7.7908,1.00,1.00
2017.09.22 11:01:22.643,7.78977,7.7908,1.00,1.00
2017.09.22 11:01:22.694,7.78979,7.7908,1.00,1.00
2017.09.22 11:01:25.077,7.78975,7.7908,1.00,1.00
2017.09.22 11:01:28.085,7.78972,7.7908,1.00,1.00
2017.09.22 11:01:30.036,7.7896,7.79079,1.00,1.00
2017.09.22 11:01:30.087,7.7896,7.79065,1.00,1.00
2017.09.22 11:01:30.138,7.7896,7.7908,1.00,1.00
2017.09.22 11:01:30.189,7.78965,7.7908,1.00,1.00
2017.09.22 11:01:30.538,7.78967,7.79067,1.00,1.00
2017.09.22 11:01:31.256,7.7896,7.79067,1.00,1.00
2017.09.22 11:01:32.821,7.78957,7.79067,1.00,1.00
2017.09.22 11:01:33.331,7.78952,7.79067,1.00,1.00
2017.09.22 11:01:34.263,7.78947,7.79067,1.00,1.00
2017.09.22 11:01:34.314,7.7894,7.79064,1.00,1.00
2017.09.22 11:01:34.415,7.78939,7.79054,1.00,1.00
2017.09.22 11:01:35.163,7.78943,7.79054,1.00,1.00
2017.09.22 11:01:36.427,7.78934,7.79038,1.00,1.00
2017.09.22 11:01:36.529,7.78914,7.79024,1.00,1.00
2017.09.22 11:01:36.580,7.78909,7.79027,1.00,1.00
2017.09.22 11:01:36.631,7.789,7.79008,1.00,1.00
2017.09.22 11:01:36.733,7.78904,7.79015,1.00,1.00
2017.09.22 11:01:37.707,7.78903,7.79015,1.00,1.00
2017.09.22 11:01:38.209,7.78896,7.79015,1.00,1.00
2017.09.22 11:01:38.328,7.78896,7.79008,1.00,1.00
2017.09.22 11:01:38.379,7.78887,7.79008,1.00,1.00
2017.09.22 11:01:38.612,7.78894,7.79008,1.00,1.00
2017.09.22 11:01:39.655,7.78888,7.79008,1.00,1.00
2017.09.22 11:01:40.077,7.78886,7.79008,1.00,1.00
2017.09.22 11:01:40.234,7.78886,7.78986,1.00,1.00
2017.09.22 11:01:40.549,7.78907,7.79006,1.00,1.00
2017.09.22 11:01:40.600,7.78907,7.79009,1.00,1.00
2017.09.22 11:01:40.651,7.78907,7.79016,1.00,1.00
2017.09.22 11:01:41.484,7.78903,7.79016,1.00,1.00
2017.09.22 11:01:41.783,7.78907,7.79016,1.00,1.00
2017.09.22 11:01:42.990,7.78909,7.79029,1.00,1.00
2017.09.22 11:01:43.330,7.78909,7.79025,1.00,1.00
2017.09.22 11:01:43.381,7.78909,7.79029,1.00,1.00
2017.09.22 11:01:43.482,7.78906,7.79015,1.00,1.00
2017.09.22 11:01:43.685,7.7891,7.79028,1.00,1.00
2017.09.22 11:01:48.182,7.7889,7.79009,1.00,1.00
2017.09.22 11:01:48.385,7.78894,7.79009,1.00,1.00
2017.09.22 11:01:48.522,7.78902,7.79023,1.00,1.00
2017.09.22 11:01:53.586,7.78894,7.79008,1.00,1.00
2017.09.22 11:01:55.270,7.78904,7.79008,1.00,1.00
2017.09.22 11:01:56.460,7.78902,7.79008,1.00,1.00
2017.09.22 11:01:57.086,7.78899,7.79008,1.00,1.00
2017.09.22 11:01:57.608,7.78897,7.79008,1.00,1.00
2017.09.22 11:01:57.710,7.78899,7.79008,1.00,1.00
2017.09.22 11:01:58.058,7.78908,7.79008,1.00,1.00
2017.09.22 11:01:58.211,7.78908,7.79024,1.00,1.00
2017.09.22 11:01:58.401,7.78917,7.79024,1.00,1.00
2017.09.22 11:01:58.729,7.78931,7.79037,1.00,1.00
2017.09.22 11:01:59.266,7.78958,7.79037,1.00,1.00
2017.09.22 11:01:59.318,7.78964,7.7905,1.00,1.00
2017.09.22 11:01:59.419,7.78962,7.7905,1.00,1.00
2017.09.22 11:01:59.470,7.78957,7.7905,1.00,1.00
2017.09.22 11:01:59.521,7.78957,7.79076,1.00,1.00
2017.09.22 11:02:00.051,7.78956,7.79076,1.00,1.00
2017.09.22 11:02:01.204,7.78956,7.79069,1.00,1.00
2017.09.22 11:02:01.255,7.78956,7.79076,1.00,1.50
2017.09.22 11:02:01.407,7.78936,7.79057,1.50,1.00
2017.09.22 11:02:01.775,7.78945,7.79057,1.00,1.00
2017.09.22 11:02:01.826,7.78955,7.79069,1.00,1.00
2017.09.22 11:02:01.878,7.78961,7.79069,1.00,1.00
2017.09.22 11:02:02.022,7.78965,7.79083,1.00,1.00
2017.09.22 11:02:02.074,7.78972,7.79083,1.00,1.00
2017.09.22 11:02:02.226,7.78982,7.79102,1.00,1.00
2017.09.22 11:02:05.663,7.7897,7.79088,1.00,1.00
2017.09.22 11:02:05.765,7.78949,7.7907,1.50,1.00
2017.09.22 11:02:05.816,7.78962,7.79083,1.50,1.00
2017.09.22 11:02:06.123,7.78949,7.7907,1.00,1.00
2017.09.22 11:02:08.990,7.7895,7.7907,1.00,1.00
2017.09.22 11:02:09.347,7.78953,7.7907,1.00,1.00
2017.09.22 11:02:09.993,7.78949,7.7907,1.00,1.00
2017.09.22 11:02:10.058,7.7893,7.79015,1.00,1.00
2017.09.22 11:02:10.109,7.7893,7.7902,1.00,1.00
2017.09.22 11:02:10.161,7.78899,7.7902,1.50,1.00
2017.09.22 11:02:10.212,7.78899,7.79016,1.00,1.00
2017.09.22 11:02:10.264,7.78899,7.7902,1.00,1.00
2017.09.22 11:02:11.002,7.78899,7.79018,1.00,1.00
2017.09.22 11:02:11.306,7.7888,7.78991,1.00,1.00
2017.09.22 11:02:11.357,7.78862,7.78982,1.00,1.00
2017.09.22 11:02:15.309,7.78871,7.78982,1.00,1.00
2017.09.22 11:02:15.823,7.78872,7.78982,1.00,1.00
2017.09.22 11:02:15.975,7.78883,7.78999,1.00,1.00
2017.09.22 11:02:16.911,7.78879,7.78999,1.50,1.00
2017.09.22 11:02:17.063,7.78879,7.78993,1.00,1.00
2017.09.22 11:02:17.368,7.78906,7.7898,1.00,1.00
2017.09.22 11:02:17.595,7.78921,7.7902,1.00,1.00
2017.09.22 11:02:17.652,7.78946,7.7902,1.00,1.00
2017.09.22 11:02:17.703,7.78958,7.79034,1.00,1.00
2017.09.22 11:02:17.754,7.78964,7.79047,1.00,1.00
2017.09.22 11:02:17.805,7.78988,7.79047,1.00,1.00
2017.09.22 11:02:17.856,7.79,7.79064,1.00,1.00
2017.09.22 11:02:17.908,7.78991,7.79064,1.00,1.00
2017.09.22 11:02:17.959,7.78991,7.7909,1.00,1.00
2017.09.22 11:02:18.009,7.79002,7.7909,1.00,1.00
2017.09.22 11:02:18.222,7.78996,7.7909,1.00,1.00
2017.09.22 11:02:18.274,7.79025,7.79103,1.00,1.00
2017.09.22 11:02:18.325,7.79011,7.79103,1.00,1.00
2017.09.22 11:02:18.376,7.79021,7.7913,1.00,1.00
2017.09.22 11:02:18.427,7.79014,7.7913,1.00,1.00
2017.09.22 11:02:18.587,7.7901,7.7913,1.50,1.50
2017.09.22 11:02:18.639,7.7901,7.79123,1.00,1.00
2017.09.22 11:02:18.792,7.78996,7.79112,1.00,1.00
2017.09.22 11:02:19.092,7.78996,7.79115,1.00,1.00
2017.09.22 11:02:19.466,7.78996,7.79106,1.00,1.00
2017.09.22 11:02:19.771,7.78996,7.79116,1.00,1.50
2017.09.22 11:02:20.249,7.79004,7.79116,1.00,1.00
2017.09.22 11:02:21.300,7.78997,7.79116,1.00,1.00
2017.09.22 11:02:22.368,7.79001,7.79116,1.00,1.00
2017.09.22 11:02:22.470,7.78996,7.79116,1.00,1.00
2017.09.22 11:02:22.571,7.78995,7.79103,1.00,1.00
2017.09.22 11:02:22.875,7.78997,7.79103,1.00,1.00
2017.09.22 11:02:24.099,7.78999,7.79103,1.00,1.00
2017.09.22 11:02:24.906,7.7899,7.79103,1.00,1.00
2017.09.22 11:02:25.572,7.78997,7.79103,1.00,1.00
2017.09.22 11:02:25.984,7.78991,7.79103,1.00,1.00
2017.09.22 11:02:26.792,7.78996,7.79103,1.00,1.00
2017.09.22 11:02:27.096,7.79,7.79103,1.00,1.00
2017.09.22 11:02:27.758,7.79012,7.79103,1.00,1.00
2017.09.22 11:02:27.910,7.79017,7.79125,1.00,1.00
2017.09.22 11:02:28.011,7.79024,7.7914,1.00,1.00
2017.09.22 11:02:28.503,7.79024,7.79143,1.00,1.00
2017.09.22 11:02:29.098,7.79034,7.79144,1.00,1.00
2017.09.22 11:02:29.199,7.79037,7.79156,1.00,1.00
2017.09.22 11:02:29.250,7.7904,7.79157,1.00,1.00
2017.09.22 11:02:29.999,7.79037,7.79153,1.00,1.00
2017.09.22 11:02:30.394,7.78985,7.7909,1.00,1.00
2017.09.22 11:02:30.741,7.78985,7.79076,1.00,1.00
2017.09.22 11:02:30.792,7.78972,7.79076,1.00,1.00
2017.09.22 11:02:30.843,7.78972,7.7908,1.00,1.00
2017.09.22 11:02:30.894,7.7896,7.79079,1.00,1.00
2017.09.22 11:02:31.421,7.78962,7.79079,1.00,1.00
2017.09.22 11:02:31.725,7.79001,7.79098,1.00,1.00
2017.09.22 11:02:31.776,7.78991,7.79098,1.00,1.00
2017.09.22 11:02:31.827,7.78997,7.79098,1.00,1.00
2017.09.22 11:02:31.878,7.78994,7.79098,1.00,1.00
2017.09.22 11:02:32.031,7.78993,7.79112,1.00,1.00
2017.09.22 11:02:32.132,7.78991,7.79103,1.00,1.00
2017.09.22 11:02:32.183,7.78981,7.79098,1.00,1.00
2017.09.22 11:02:33.042,7.78978,7.79096,1.00,1.00
2017.09.22 11:02:33.094,7.78978,7.79093,1.00,1.00
2017.09.22 11:02:33.398,7.78978,7.79089,1.00,1.00
2017.09.22 11:02:34.008,7.78978,7.79095,1.00,1.00
2017.09.22 11:02:34.059,7.78995,7.79098,1.00,1.00
2017.09.22 11:02:34.312,7.79,7.79118,1.00,1.00
2017.09.22 11:02:35.295,7.78998,7.79118,1.00,1.00
2017.09.22 11:02:36.351,7.79029,7.79118,1.00,1.00
2017.09.22 11:02:36.504,7.79039,7.79157,1.00,1.00
2017.09.22 11:02:36.872,7.79048,7.79157,1.00,1.00
2017.09.22 11:02:37.025,7.7905,7.7917,1.00,1.00
2017.09.22 11:02:37.282,7.7905,7.79166,1.00,1.00
2017.09.22 11:02:37.799,7.7905,7.79163,1.00,1.00
2017.09.22 11:02:37.850,7.7905,7.79165,1.00,1.00
2017.09.22 11:02:40.043,7.7905,7.79159,1.00,1.00
2017.09.22 11:02:40.198,7.79037,7.79147,1.00,1.00
2017.09.22 11:02:42.985,7.79027,7.79134,1.00,1.00
2017.09.22 11:02:43.252,7.79006,7.79121,1.00,1.00
2017.09.22 11:02:43.304,7.79011,7.79121,1.00,1.00
2017.09.22 11:02:43.434,7.79007,7.79121,1.00,1.00
2017.09.22 11:02:43.486,7.79003,7.79121,1.00,1.00
2017.09.22 11:02:43.841,7.79014,7.79121,1.00,1.00
2017.09.22 11:02:44.162,7.79058,7.79133,1.00,1.00
2017.09.22 11:02:44.214,7.79058,7.79159,1.00,1.00
2017.09.22 11:02:44.417,7.79053,7.79159,1.00,1.00
2017.09.22 11:02:44.519,7.7905,7.79159,1.00,1.00
2017.09.22 11:02:44.679,7.79041,7.79158,1.00,1.00
2017.09.22 11:02:45.246,7.79041,7.79147,1.00,1.00
2017.09.22 11:02:45.348,7.79023,7.79141,1.00,1.00
2017.09.22 11:02:45.451,7.79023,7.79127,1.00,1.00
2017.09.22 11:02:45.707,7.79033,7.79141,1.00,1.00
2017.09.22 11:02:46.229,7.7902,7.79121,1.00,1.00
2017.09.22 11:02:46.432,7.78985,7.79095,1.00,1.00
2017.09.22 11:02:46.483,7.78976,7.79095,1.00,1.00
2017.09.22 11:02:46.585,7.78975,7.7909,1.00,1.00
2017.09.22 11:02:46.985,7.78955,7.79075,1.00,1.00
2017.09.22 11:02:47.037,7.78942,7.79059,1.00,1.00
2017.09.22 11:02:47.476,7.78937,7.7905,1.00,1.00
2017.09.22 11:02:51.656,7.78929,7.79043,1.00,1.00
2017.09.22 11:02:51.794,7.78929,7.79031,1.00,1.00
2017.09.22 11:02:51.850,7.78907,7.79012,1.00,1.00
2017.09.22 11:02:51.920,7.78913,7.79012,1.00,1.00
2017.09.22 11:02:52.721,7.78927,7.79012,1.00,1.00
2017.09.22 11:02:53.111,7.78938,7.79012,1.00,1.00
2017.09.22 11:02:53.163,7.78942,7.79026,1.00,1.00
2017.09.22 11:02:53.214,7.78949,7.79026,1.00,1.00
2017.09.22 11:02:53.265,7.78949,7.79039,1.00,1.00
2017.09.22 11:02:53.367,7.78949,7.79066,1.00,1.00
2017.09.22 11:02:54.876,7.78945,7.79043,1.00,1.00
2017.09.22 11:02:54.978,7.78926,7.79037,1.00,1.00
2017.09.22 11:02:55.080,7.78915,7.79033,1.00,1.00
2017.09.22 11:02:56.702,7.78913,7.7902,1.00,1.00
2017.09.22 11:02:56.949,7.78887,7.79007,1.00,1.00
2017.09.22 11:02:57.253,7.78906,7.79007,1.00,1.00
2017.09.22 11:02:57.355,7.78906,7.79023,1.00,1.00
2017.09.22 11:02:57.571,7.78904,7.79023,1.00,1.00
2017.09.22 11:02:58.328,7.78916,7.79023,1.00,1.00
2017.09.22 11:02:58.379,7.78912,7.79023,1.00,1.00
2017.09.22 11:02:59.862,7.78903,7.79023,1.00,1.00
2017.09.22 11:02:59.914,7.78917,7.79023,1.00,1.00
2017.09.22 11:02:59.965,7.78934,7.79044,1.00,1.00
2017.09.22 11:03:00.016,7.78937,7.79044,1.00,1.00
2017.09.22 11:03:00.067,7.78924,7.79044,1.00,1.00
2017.09.22 11:03:00.118,7.78939,7.79044,1.00,1.00
2017.09.22 11:03:00.271,7.78937,7.79057,1.00,1.00
2017.09.22 11:03:00.591,7.78951,7.79069,1.00,1.00
2017.09.22 11:03:02.285,7.78967,7.79069,1.00,1.00
2017.09.22 11:03:02.944,7.78966,7.79069,1.00,1.00
2017.09.22 11:03:04.326,7.78976,7.79069,1.00,1.00
2017.09.22 11:03:04.753,7.78951,7.79069,1.19,1.00
2017.09.22 11:03:04.804,7.78951,7.79069,1.00,1.00
2017.09.22 11:03:05.050,7.78963,7.79083,1.00,1.00
2017.09.22 11:03:05.341,7.78976,7.79083,1.00,1.00
2017.09.22 11:03:05.392,7.78963,7.79083,1.00,1.00
2017.09.22 11:03:08.220,7.78982,7.79083,1.00,1.00
2017.09.22 11:03:08.372,7.78991,7.79098,1.00,1.00
2017.09.22 11:03:08.525,7.78993,7.79098,1.00,1.00
2017.09.22 11:03:08.829,7.78996,7.79098,1.00,1.00
2017.09.22 11:03:09.345,7.78997,7.79098,1.00,1.00
2017.09.22 11:03:14.044,7.78978,7.79096,1.00,1.00
2017.09.22 11:03:14.298,7.7896,7.7908,1.00,1.00
2017.09.22 11:03:14.512,7.78961,7.79082,1.00,1.00
2017.09.22 11:03:22.342,7.78961,7.79028,1.00,1.00
2017.09.22 11:03:22.494,7.78888,7.78963,1.00,1.00
2017.09.22 11:03:22.545,7.78853,7.78963,1.00,1.00
2017.09.22 11:03:22.596,7.7884,7.78943,1.00,1.00
2017.09.22 11:03:22.824,7.7883,7.78943,1.00,1.00
2017.09.22 11:03:23.274,7.78841,7.78943,1.00,1.00
2017.09.22 11:03:23.539,7.78863,7.78971,1.00,1.00
2017.09.22 11:03:23.641,7.78859,7.78971,1.00,1.00
2017.09.22 11:03:23.692,7.78853,7.78971,1.50,1.00
2017.09.22 11:03:23.743,7.78853,7.78967,1.00,1.00
2017.09.22 11:03:23.896,7.78836,7.78956,1.00,1.00
2017.09.22 11:03:24.201,7.7884,7.78956,1.00,1.00
2017.09.22 11:03:24.540,7.78863,7.7898,1.00,1.00
2017.09.22 11:03:24.591,7.78863,7.78977,1.00,1.00
2017.09.22 11:03:24.942,7.78864,7.78983,1.00,1.00
2017.09.22 11:03:25.408,7.78863,7.78977,1.00,1.00
2017.09.22 11:03:25.514,7.78863,7.78983,1.50,1.00
2017.09.22 11:03:26.357,7.78863,7.78982,1.00,1.00
2017.09.22 11:03:26.408,7.78863,7.78975,1.00,1.00
2017.09.22 11:03:26.614,7.78834,7.78951,1.00,1.00
2017.09.22 11:03:27.472,7.78838,7.78951,1.00,1.00
2017.09.22 11:03:27.891,7.78846,7.78951,1.00,1.00
2017.09.22 11:03:27.943,7.78847,7.78966,1.00,1.00
2017.09.22 11:03:28.749,7.78852,7.78966,1.00,1.00
2017.09.22 11:03:29.053,7.78864,7.78966,1.00,1.00
2017.09.22 11:03:29.239,7.78864,7.7898,1.00,1.00
2017.09.22 11:03:30.450,7.78862,7.7898,1.00,1.00
2017.09.22 11:03:31.370,7.7886,7.7898,1.00,1.50
2017.09.22 11:03:31.663,7.78859,7.78977,1.00,1.00
2017.09.22 11:03:32.176,7.78859,7.78972,1.00,1.00
2017.09.22 11:03:32.380,7.78859,7.78976,1.00,1.00
2017.09.22 11:03:35.436,7.78859,7.78978,1.00,1.00
2017.09.22 11:03:35.537,7.78856,7.78966,1.00,1.00
2017.09.22 11:03:36.099,7.78852,7.78966,1.00,1.00
2017.09.22 11:03:37.187,7.78856,7.78966,1.00,1.00
2017.09.22 11:03:37.550,7.78847,7.78956,1.00,1.00
2017.09.22 11:03:37.786,7.78834,7.7895,1.00,1.00
2017.09.22 11:03:37.988,7.78838,7.7895,1.00,1.00
2017.09.22 11:03:39.532,7.78829,7.78946,1.00,1.00
2017.09.22 11:03:39.585,7.78829,7.7893,1.00,1.00
2017.09.22 11:03:39.686,7.78811,7.78929,1.00,1.00
2017.09.22 11:03:39.788,7.78808,7.78917,1.00,1.00
2017.09.22 11:03:40.052,7.78804,7.78917,1.00,1.00
2017.09.22 11:03:41.003,7.78811,7.78917,1.00,1.00
2017.09.22 11:03:41.264,7.78809,7.78917,1.00,1.00
2017.09.22 11:03:42.817,7.78812,7.78917,1.00,1.00
2017.09.22 11:03:43.348,7.78811,7.78917,1.00,1.00
2017.09.22 11:03:44.134,7.78817,7.78917,1.00,1.00
2017.09.22 11:03:45.473,7.78818,7.78917,1.00,1.00
2017.09.22 11:03:45.959,7.78821,7.78917,1.00,1.00
2017.09.22 11:03:46.061,7.78821,7.78937,1.00,1.00
2017.09.22 11:03:46.669,7.78826,7.78937,1.00,1.00
2017.09.22 11:03:46.973,7.78839,7.7895,1.00,1.00
2017.09.22 11:03:47.216,7.78829,7.7895,1.00,1.50
2017.09.22 11:03:47.267,7.78829,7.78933,1.00,1.00
2017.09.22 11:03:47.369,7.78817,7.78929,1.00,1.00
2017.09.22 11:03:47.573,7.78807,7.78917,1.00,1.00
2017.09.22 11:03:50.400,7.78811,7.78917,1.00,1.00
2017.09.22 11:03:50.716,7.78826,7.7893,1.00,1.00
2017.09.22 11:03:50.820,7.78819,7.7893,1.00,1.00
2017.09.22 11:03:51.118,7.78816,7.7893,1.00,1.00
2017.09.22 11:03:51.251,7.78822,7.7893,1.00,1.00
2017.09.22 11:03:51.561,7.78826,7.7893,1.00,1.00
2017.09.22 11:03:52.980,7.78824,7.7893,1.00,1.00
2017.09.22 11:03:54.236,7.78819,7.7893,1.00,1.00
2017.09.22 11:03:55.078,7.78814,7.7893,1.00,1.00
2017.09.22 11:03:57.075,7.7881,7.7893,1.50,1.00
2017.09.22 11:03:57.126,7.7881,7.78927,1.00,1.00
2017.09.22 11:03:59.835,7.7881,7.7893,1.00,1.00
2017.09.22 11:03:59.886,7.78837,7.7893,1.00,1.00
2017.09.22 11:04:00.039,7.78845,7.78956,1.00,1.00
2017.09.22 11:04:00.544,7.78844,7.78956,1.00,1.00
2017.09.22 11:04:01.055,7.78838,7.78956,1.00,1.00
2017.09.22 11:04:01.106,7.78838,7.78954,1.00,1.00
2017.09.22 11:04:01.208,7.78838,7.78956,1.00,1.50
2017.09.22 11:04:01.361,7.78854,7.78956,1.00,1.00
2017.09.22 11:04:01.462,7.78848,7.78956,1.00,1.00
2017.09.22 11:04:01.665,7.78838,7.78955,1.00,1.00
2017.09.22 11:04:01.768,7.78838,7.78946,1.00,1.00
2017.09.22 11:04:01.956,7.78823,7.78942,1.00,1.00
2017.09.22 11:04:02.616,7.78821,7.78931,1.00,1.00
2017.09.22 11:04:02.717,7.78808,7.7892,1.00,1.00
2017.09.22 11:04:02.870,7.78812,7.7892,1.00,1.00
2017.09.22 11:04:04.416,7.78818,7.7892,1.00,1.00
2017.09.22 11:04:04.857,7.78824,7.7892,1.00,1.00
2017.09.22 11:04:05.148,7.78813,7.7892,1.00,1.00
2017.09.22 11:04:05.199,7.7881,7.7892,1.00,1.00
2017.09.22 11:04:05.250,7.78816,7.7892,1.00,1.00
2017.09.22 11:04:05.352,7.7881,7.7892,1.00,1.00
2017.09.22 11:04:05.403,7.78814,7.7892,1.00,1.00
2017.09.22 11:04:06.950,7.78806,7.7892,1.00,1.00
2017.09.22 11:04:08.449,7.78799,7.78919,1.00,1.00
2017.09.22 11:04:10.323,7.7881,7.7892,1.00,1.00
2017.09.22 11:04:10.427,7.78805,7.7892,1.00,1.00
2017.09.22 11:04:10.664,7.78799,7.78914,1.00,1.00
2017.09.22 11:04:10.715,7.78799,7.7892,1.00,1.00
2017.09.22 11:04:10.766,7.78796,7.78904,1.00,1.00
2017.09.22 11:04:11.435,7.78799,7.78916,1.00,1.00
2017.09.22 11:04:11.587,7.78799,7.78913,1.00,1.00
2017.09.22 11:04:11.638,7.78799,7.78917,1.00,1.00
2017.09.22 11:04:12.113,7.78799,7.78908,1.00,1.00
2017.09.22 11:04:12.366,7.78786,7.78904,1.50,1.00
2017.09.22 11:04:12.571,7.78795,7.78904,1.00,1.00
2017.09.22 11:04:12.695,7.78786,7.78904,1.00,1.00
2017.09.22 11:04:13.412,7.78786,7.78903,1.00,1.00
2017.09.22 11:04:13.914,7.78786,7.78902,1.00,1.00
2017.09.22 11:04:19.091,7.78786,7.78885,1.00,1.00
2017.09.22 11:04:19.244,7.78765,7.78877,1.00,1.00
2017.09.22 11:04:20.494,7.78765,7.78874,1.00,1.00
2017.09.22 11:04:21.536,7.78765,7.78883,1.00,1.00
2017.09.22 11:04:23.038,7.78766,7.78886,1.00,1.00
2017.09.22 11:04:23.626,7.78769,7.78886,1.00,1.00
2017.09.22 11:04:23.775,7.78767,7.78886,1.00,1.00
2017.09.22 11:04:25.571,7.78775,7.78886,1.00,1.00
2017.09.22 11:04:25.761,7.78786,7.78904,1.00,1.00
2017.09.22 11:04:28.240,7.78787,7.78904,1.00,1.00
2017.09.22 11:04:28.335,7.7879,7.78904,1.00,1.00
2017.09.22 11:04:28.684,7.78795,7.78904,1.00,1.00
2017.09.22 11:04:29.282,7.78791,7.78904,1.00,1.00
2017.09.22 11:04:30.597,7.7879,7.78904,1.00,1.00
2017.09.22 11:04:31.145,7.78795,7.78904,1.00,1.00
2017.09.22 11:04:33.995,7.78786,7.78904,1.00,1.00
2017.09.22 11:04:34.097,7.7877,7.78886,1.00,1.00
2017.09.22 11:04:34.401,7.7877,7.78872,1.00,1.00
2017.09.22 11:04:35.524,7.78767,7.78872,1.00,1.00
2017.09.22 11:04:35.974,7.78769,7.78872,1.00,1.00
2017.09.22 11:04:38.871,7.78773,7.78872,1.00,1.00
2017.09.22 11:04:38.973,7.78768,7.78872,1.00,1.00
2017.09.22 11:04:43.072,7.78766,7.78872,1.00,1.00
2017.09.22 11:04:45.598,7.78764,7.78872,1.00,1.00
2017.09.22 11:04:45.956,7.78768,7.78872,1.00,1.00
2017.09.22 11:04:47.142,7.78754,7.78872,1.00,1.00
2017.09.22 11:04:47.193,7.78741,7.7886,1.00,1.00
2017.09.22 11:04:47.396,7.78734,7.7884,1.00,1.00
2017.09.22 11:04:51.476,7.7872,7.7884,1.00,1.00
2017.09.22 11:04:51.629,7.7872,7.78838,1.00,1.00
2017.09.22 11:04:51.973,7.78691,7.788,1.00,1.00
2017.09.22 11:04:52.436,7.78685,7.788,1.00,1.00
2017.09.22 11:04:53.167,7.78681,7.788,1.00,1.00
2017.09.22 11:04:54.127,7.78686,7.788,1.00,1.00
2017.09.22 11:04:54.228,7.78699,7.78817,1.00,1.00
2017.09.22 11:04:54.341,7.78688,7.78798,1.00,1.00
2017.09.22 11:04:55.886,7.78679,7.78798,1.00,1.00
2017.09.22 11:04:55.937,7.78665,7.78786,1.00,1.00
2017.09.22 11:04:56.039,7.78653,7.78773,1.00,1.00
2017.09.22 11:04:56.660,7.78652,7.78773,1.00,1.00
2017.09.22 11:04:57.536,7.78662,7.78773,1.00,1.00
2017.09.22 11:04:57.739,7.78669,7.78784,1.00,1.00
2017.09.22 11:04:58.068,7.78669,7.78788,1.00,1.00
2017.09.22 11:04:58.353,7.78682,7.78788,1.00,1.00
2017.09.22 11:04:59.087,7.78682,7.78793,1.00,1.00
2017.09.22 11:05:00.576,7.78682,7.78798,1.00,1.00
2017.09.22 11:05:01.382,7.78682,7.78801,1.00,1.00
2017.09.22 11:05:01.828,7.78691,7.78803,1.00,1.00
2017.09.22 11:05:01.985,7.78708,7.78822,1.00,1.00
2017.09.22 11:05:02.038,7.78721,7.78833,1.00,1.00
2017.09.22 11:05:05.613,7.78721,7.78835,1.00,1.00
2017.09.22 11:05:08.133,7.78721,7.7883,1.00,1.00
2017.09.22 11:05:10.093,7.78721,7.78842,1.00,1.00
2017.09.22 11:05:10.575,7.78723,7.78842,1.00,1.00
2017.09.22 11:05:13.102,7.78722,7.78842,1.00,1.00
2017.09.22 11:05:15.648,7.78721,7.78841,1.00,1.00
2017.09.22 11:05:17.498,7.78725,7.78841,1.00,1.00
2017.09.22 11:05:18.949,7.78725,7.78845,1.00,1.00
2017.09.22 11:05:19.642,7.78725,7.78844,1.00,1.00
2017.09.22 11:05:20.228,7.78725,7.78845,1.00,1.00
2017.09.22 11:05:25.439,7.78727,7.78845,1.00,1.00
2017.09.22 11:05:28.132,7.78725,7.78845,1.00,1.00
2017.09.22 11:05:31.725,7.78729,7.78845,1.00,1.00
2017.09.22 11:05:31.828,7.78741,7.78861,1.00,1.00
2017.09.22 11:05:32.348,7.78755,7.78855,1.00,1.00
2017.09.22 11:05:32.707,7.78755,7.78859,1.00,1.00
2017.09.22 11:05:32.804,7.78755,7.78868,1.00,1.00
2017.09.22 11:05:35.647,7.78755,7.78867,1.00,1.00
2017.09.22 11:05:35.800,7.78755,7.78872,1.00,1.00
2017.09.22 11:05:35.952,7.78755,7.78865,1.00,1.00
2017.09.22 11:05:37.342,7.78755,7.7887,1.00,1.00
2017.09.22 11:05:37.751,7.78755,7.7884,1.00,1.00
2017.09.22 11:05:37.903,7.78755,7.78848,1.00,1.00
2017.09.22 11:05:38.047,7.78743,7.78818,1.00,1.00
2017.09.22 11:05:38.149,7.78716,7.78833,1.00,1.00
2017.09.22 11:05:38.200,7.78716,7.78829,1.00,1.00
2017.09.22 11:05:38.504,7.78716,7.78814,1.00,1.00
2017.09.22 11:05:38.555,7.78716,7.78824,1.00,1.00
2017.09.22 11:05:40.159,7.78703,7.78823,1.00,1.00
2017.09.22 11:05:43.192,7.78709,7.78823,1.00,1.00
2017.09.22 11:05:45.728,7.78711,7.78823,1.00,1.00
2017.09.22 11:05:45.871,7.78706,7.78823,1.00,1.00
2017.09.22 11:05:46.467,7.78717,7.78826,1.00,1.00
2017.09.22 11:05:47.090,7.78717,7.78824,1.00,1.00
2017.09.22 11:05:50.674,7.78702,7.78823,1.50,1.00
2017.09.22 11:05:51.075,7.78715,7.78823,1.00,1.00
2017.09.22 11:05:52.863,7.78702,7.78823,1.00,1.50
2017.09.22 11:05:53.117,7.78702,7.78817,1.00,1.00
2017.09.22 11:05:53.425,7.78702,7.78805,1.00,1.00
2017.09.22 11:05:53.476,7.78685,7.78804,1.00,1.00
2017.09.22 11:05:56.541,7.78684,7.78803,1.00,1.00
2017.09.22 11:05:57.304,7.78684,7.78792,1.00,1.00
2017.09.22 11:05:57.456,7.78669,7.78779,1.00,1.00
2017.09.22 11:05:57.582,7.78689,7.78801,1.00,1.25
2017.09.22 11:05:57.793,7.78689,7.78797,1.00,1.00
2017.09.22 11:05:57.844,7.78689,7.788,1.00,1.00
2017.09.22 11:05:57.960,7.78689,7.78796,1.00,1.00
2017.09.22 11:05:58.192,7.78689,7.78803,1.00,1.00
2017.09.22 11:05:59.127,7.78689,7.78796,1.00,1.00
2017.09.22 11:05:59.178,7.78675,7.78791,1.00,1.00
2017.09.22 11:05:59.949,7.78677,7.78791,1.00,1.00
2017.09.22 11:06:00.101,7.78697,7.78814,1.00,1.00
2017.09.22 11:06:00.250,7.787,7.78814,1.00,1.00
2017.09.22 11:06:00.574,7.787,7.78811,1.00,1.00
2017.09.22 11:06:00.908,7.787,7.788,1.00,1.00
2017.09.22 11:06:01.233,7.787,7.78798,1.00,1.00
2017.09.22 11:06:01.284,7.78686,7.78798,1.00,1.00
2017.09.22 11:06:01.876,7.78686,7.78806,1.00,1.50
2017.09.22 11:06:01.927,7.78689,7.78806,1.00,1.00
2017.09.22 11:06:02.258,7.787,7.78811,1.00,1.00
2017.09.22 11:06:02.926,7.78702,7.7882,1.00,1.00
2017.09.22 11:06:02.977,7.78704,7.7882,1.00,1.00
2017.09.22 11:06:03.180,7.787,7.78817,1.00,1.00
2017.09.22 11:06:03.282,7.787,7.7882,1.00,1.50
2017.09.22 11:06:03.384,7.787,7.78806,1.00,1.00
2017.09.22 11:06:03.486,7.787,7.78809,1.00,1.00
2017.09.22 11:06:04.023,7.787,7.78785,1.00,1.00
2017.09.22 11:06:04.176,7.78684,7.78785,1.00,1.00
2017.09.22 11:06:04.691,7.7867,7.78784,1.00,1.00
2017.09.22 11:06:05.708,7.7867,7.78786,1.00,1.00
2017.09.22 11:06:06.260,7.7867,7.78788,1.00,1.00
2017.09.22 11:06:06.983,7.7867,7.78783,1.00,1.00
2017.09.22 11:06:08.300,7.7867,7.78782,1.00,1.00
2017.09.22 11:06:08.681,7.78659,7.78777,1.00,1.00
2017.09.22 11:06:09.052,7.78657,7.78777,1.50,1.00
2017.09.22 11:06:09.745,7.78657,7.78773,1.00,1.00
2017.09.22 11:06:13.296,7.78657,7.78761,1.00,1.00
2017.09.22 11:06:13.611,7.78645,7.78754,1.00,1.00
2017.09.22 11:06:13.662,7.78645,7.78749,1.00,1.00
2017.09.22 11:06:13.966,7.78645,7.78745,1.00,1.00
2017.09.22 11:06:14.136,7.78645,7.7875,1.00,1.00
2017.09.22 11:06:14.986,7.78631,7.78745,1.00,1.00
2017.09.22 11:06:15.146,7.78631,7.78741,1.00,1.00
2017.09.22 11:06:15.965,7.78631,7.78745,1.00,1.00
2017.09.22 11:06:17.192,7.78631,7.7874,1.00,1.00
2017.09.22 11:06:19.898,7.78631,7.78745,1.00,1.00
2017.09.22 11:06:20.219,7.78631,7.78749,1.00,1.00
2017.09.22 11:06:21.273,7.78631,7.78744,1.00,1.00
2017.09.22 11:06:21.325,7.78631,7.7875,1.00,1.00
2017.09.22 11:06:23.282,7.78631,7.78751,1.00,1.00
2017.09.22 11:06:23.861,7.78631,7.78748,1.00,1.00
2017.09.22 11:06:24.209,7.78669,7.78779,1.00,1.00
2017.09.22 11:06:24.450,7.78669,7.78781,1.00,1.00
2017.09.22 11:06:24.502,7.78684,7.78802,1.00,1.00
2017.09.22 11:06:24.553,7.78696,7.78802,1.00,1.00
2017.09.22 11:06:24.604,7.78694,7.78802,1.00,1.00
2017.09.22 11:06:24.656,7.78689,7.78802,1.00,1.00
2017.09.22 11:06:24.708,7.78702,7.78812,1.00,1.00
2017.09.22 11:06:24.811,7.78702,7.78814,1.00,1.00
2017.09.22 11:06:25.053,7.78702,7.78818,1.00,1.00
2017.09.22 11:06:25.438,7.78702,7.78812,1.00,1.00
2017.09.22 11:06:25.590,7.78702,7.78816,1.00,1.00
2017.09.22 11:06:25.793,7.78702,7.78809,1.00,1.00
2017.09.22 11:06:26.102,7.78702,7.78802,1.00,1.00
2017.09.22 11:06:26.305,7.78682,7.788,1.00,1.00
2017.09.22 11:06:28.252,7.7868,7.78796,1.00,1.00
2017.09.22 11:06:29.133,7.78681,7.788,1.00,1.00
2017.09.22 11:06:29.522,7.7868,7.78798,1.00,1.00
2017.09.22 11:06:30.117,7.7868,7.78792,1.00,1.00
2017.09.22 11:06:30.320,7.78644,7.78757,1.00,1.00
2017.09.22 11:06:30.371,7.78644,7.78752,1.00,1.00
2017.09.22 11:06:30.715,7.78657,7.78752,1.00,1.00
2017.09.22 11:06:32.687,7.78657,7.78758,1.00,1.00
2017.09.22 11:06:32.738,7.78657,7.78763,1.00,1.00
2017.09.22 11:06:35.354,7.78657,7.78769,1.00,1.00
2017.09.22 11:06:35.548,7.78676,7.78777,1.00,1.00
2017.09.22 11:06:37.295,7.78676,7.78789,1.00,1.00
2017.09.22 11:06:38.042,7.78676,7.78794,1.00,1.00
2017.09.22 11:06:38.245,7.78691,7.78811,1.00,1.00
2017.09.22 11:06:38.296,7.78696,7.78811,1.00,1.00
2017.09.22 11:06:38.600,7.78711,7.78809,1.00,1.00
2017.09.22 11:06:38.920,7.78697,7.78809,1.00,1.00
2017.09.22 11:06:38.971,7.78697,7.78796,1.00,1.00
2017.09.22 11:06:39.171,7.78697,7.7881,1.00,1.00
2017.09.22 11:06:40.139,7.7871,7.78826,1.00,1.00
2017.09.22 11:06:40.190,7.7871,7.78805,1.00,1.00
2017.09.22 11:06:40.343,7.78691,7.78802,1.00,1.00
2017.09.22 11:06:40.447,7.78678,7.78791,1.00,1.00
2017.09.22 11:06:40.600,7.78678,7.78783,1.00,1.00
2017.09.22 11:06:40.753,7.78678,7.78794,1.00,1.00
2017.09.22 11:06:40.904,7.78678,7.78798,1.00,1.00
2017.09.22 11:06:41.425,7.7868,7.78799,1.00,1.00
2017.09.22 11:06:41.816,7.78678,7.7879,1.00,1.00
2017.09.22 11:06:43.291,7.78678,7.78792,1.00,1.00
2017.09.22 11:06:43.610,7.78678,7.78786,1.00,1.00
2017.09.22 11:06:43.763,7.78661,7.78781,1.00,1.50
2017.09.22 11:06:44.174,7.78661,7.78776,1.00,1.00
2017.09.22 11:06:45.061,7.78661,7.78771,1.00,1.00
2017.09.22 11:06:45.769,7.78661,7.78765,1.00,1.00
2017.09.22 11:06:46.138,7.78661,7.78759,1.00,1.00
2017.09.22 11:06:46.290,7.78642,7.78756,1.00,1.00
2017.09.22 11:06:50.450,7.78642,7.78759,1.00,1.00
2017.09.22 11:06:50.501,7.78642,7.78755,1.00,1.00
2017.09.22 11:06:50.603,7.78642,7.78762,1.50,1.00
2017.09.22 11:06:50.655,7.78652,7.78762,1.00,1.00
2017.09.22 11:06:51.524,7.78643,7.78762,1.00,1.00
2017.09.22 11:06:52.337,7.78642,7.78751,1.00,1.00
2017.09.22 11:06:52.388,7.78642,7.78755,1.00,1.00
2017.09.22 11:06:52.490,7.78642,7.7875,1.00,1.00
2017.09.22 11:06:52.832,7.78662,7.7875,1.00,1.00
2017.09.22 11:06:52.928,7.78662,7.78759,1.00,1.00
2017.09.22 11:06:53.080,7.78662,7.78762,1.00,1.00
2017.09.22 11:06:53.204,7.78642,7.78762,1.00,1.50
2017.09.22 11:06:53.255,7.78645,7.78762,1.00,1.00
2017.09.22 11:06:53.357,7.78642,7.78761,1.00,1.00
2017.09.22 11:06:57.423,7.78643,7.78762,1.00,1.00
2017.09.22 11:06:57.474,7.78647,7.78762,1.00,1.00
2017.09.22 11:06:57.836,7.78651,7.78762,1.00,1.00
2017.09.22 11:06:58.183,7.78665,7.78774,1.00,1.00
2017.09.22 11:06:58.745,7.78665,7.78773,1.00,1.00
2017.09.22 11:06:59.616,7.78665,7.78753,1.00,1.00
2017.09.22 11:06:59.819,7.78626,7.78727,1.00,1.00
2017.09.22 11:06:59.921,7.78613,7.78727,1.00,1.00
2017.09.22 11:07:00.022,7.78613,7.78724,1.00,1.00
2017.09.22 11:07:00.073,7.78613,7.7873,1.00,1.00
2017.09.22 11:07:00.255,7.78613,7.78733,1.00,1.00
2017.09.22 11:07:01.128,7.78613,7.78731,1.00,1.00
2017.09.22 11:07:06.901,7.78614,7.78733,1.00,1.00
2017.09.22 11:07:06.953,7.78624,7.78733,1.00,1.00
2017.09.22 11:07:07.366,7.78628,7.78733,1.00,1.00
2017.09.22 11:07:07.766,7.78624,7.78733,1.00,1.00
2017.09.22 11:07:07.979,7.78619,7.78733,1.00,1.00
2017.09.22 11:07:08.081,7.78615,7.78733,1.00,1.00
2017.09.22 11:07:08.372,7.78613,7.78733,1.50,1.00
2017.09.22 11:07:08.633,7.78617,7.78733,1.00,1.00
2017.09.22 11:07:08.767,7.78613,7.78733,1.00,1.50
2017.09.22 11:07:09.598,7.78613,7.78725,1.00,1.00
2017.09.22 11:07:09.902,7.78613,7.78723,1.00,1.00
2017.09.22 11:07:09.952,7.78613,7.78725,1.00,1.00
2017.09.22 11:07:10.462,7.78613,7.78733,1.00,1.50
2017.09.22 11:07:11.277,7.78613,7.78729,1.00,1.00
2017.09.22 11:07:11.581,7.78613,7.78712,1.00,1.00
2017.09.22 11:07:11.706,7.78593,7.78712,1.00,1.00
2017.09.22 11:07:12.231,7.78593,7.78713,1.00,1.00
2017.09.22 11:07:12.613,7.78597,7.78713,1.00,1.00
2017.09.22 11:07:13.385,7.78602,7.78713,1.00,1.00
2017.09.22 11:07:13.741,7.78605,7.78713,1.00,1.00
2017.09.22 11:07:15.033,7.78614,7.78727,1.00,1.00
2017.09.22 11:07:15.927,7.78614,7.78725,1.00,1.00
2017.09.22 11:07:16.632,7.78603,7.7872,1.00,1.00
2017.09.22 11:07:17.163,7.786,7.78706,1.00,1.00
2017.09.22 11:07:17.646,7.78603,7.7872,1.00,1.00
2017.09.22 11:07:18.723,7.786,7.78718,1.00,1.00
2017.09.22 11:07:19.567,7.786,7.78707,1.00,1.00
2017.09.22 11:07:20.202,7.786,7.78711,1.00,1.00
2017.09.22 11:07:20.253,7.786,7.78713,1.00,1.00
2017.09.22 11:07:20.541,7.78601,7.7872,1.00,1.00
2017.09.22 11:07:20.642,7.78657,7.78738,1.00,1.00
2017.09.22 11:07:20.947,7.78747,7.78808,1.00,1.00
2017.09.22 11:07:21.049,7.78767,7.78839,1.00,1.00
2017.09.22 11:07:21.100,7.7879,7.78839,1.00,1.00
2017.09.22 11:07:21.151,7.78807,7.78881,1.00,1.00
2017.09.22 11:07:21.253,7.78818,7.78902,1.00,1.00
2017.09.22 11:07:21.304,7.78829,7.78902,1.00,1.00
2017.09.22 11:07:21.355,7.78838,7.78937,1.00,1.00
2017.09.22 11:07:21.457,7.78838,7.78956,1.00,1.00
2017.09.22 11:07:21.559,7.78854,7.7897,1.00,1.00
2017.09.22 11:07:21.863,7.78872,7.78986,1.00,1.00
2017.09.22 11:07:22.189,7.78888,7.79008,1.00,1.75
2017.09.22 11:07:22.613,7.78888,7.79008,1.00,1.00
2017.09.22 11:07:22.715,7.78888,7.78991,1.00,1.00
2017.09.22 11:07:22.969,7.78856,7.78976,1.00,1.00
2017.09.22 11:07:23.119,7.78856,7.78971,1.00,1.00
2017.09.22 11:07:23.423,7.78856,7.78962,1.00,1.00
2017.09.22 11:07:23.474,7.78834,7.78955,1.00,1.00
2017.09.22 11:07:23.525,7.78834,7.78947,1.00,1.00
2017.09.22 11:07:23.829,7.78834,7.78941,1.00,1.00
2017.09.22 11:07:26.126,7.78834,7.7895,1.00,1.00
2017.09.22 11:07:27.647,7.78838,7.78955,1.00,1.00
2017.09.22 11:07:27.748,7.78851,7.78958,1.00,1.00
2017.09.22 11:07:27.981,7.78854,7.7897,1.00,1.00
2017.09.22 11:07:28.083,7.7886,7.7897,1.00,1.00
2017.09.22 11:07:28.285,7.78874,7.78986,1.00,1.00
2017.09.22 11:07:28.391,7.78874,7.78993,1.00,1.00
2017.09.22 11:07:29.823,7.78874,7.78952,1.00,1.00
2017.09.22 11:07:29.938,7.7886,7.78942,1.00,1.00
2017.09.22 11:07:29.989,7.7886,7.78954,1.00,1.00
2017.09.22 11:07:30.040,7.78827,7.78947,1.00,1.00
2017.09.22 11:07:30.142,7.78826,7.78943,1.00,1.00
2017.09.22 11:07:30.193,7.78826,7.78946,1.00,1.00
2017.09.22 11:07:30.295,7.78826,7.78944,1.00,1.00
2017.09.22 11:07:30.600,7.7884,7.78949,1.00,1.00
2017.09.22 11:07:30.920,7.7884,7.78959,1.00,1.00
2017.09.22 11:07:31.022,7.7884,7.78955,1.00,1.00
2017.09.22 11:07:31.326,7.78846,7.7896,1.00,1.00
2017.09.22 11:07:31.631,7.7886,7.78979,1.00,1.00
2017.09.22 11:07:31.682,7.7886,7.78959,1.00,1.00
2017.09.22 11:07:32.028,7.78813,7.78904,1.00,1.00
2017.09.22 11:07:32.079,7.78799,7.78904,1.00,1.00
2017.09.22 11:07:32.180,7.78799,7.78892,1.00,1.00
2017.09.22 11:07:32.283,7.78799,7.78896,1.00,1.00
2017.09.22 11:07:32.335,7.78799,7.78888,1.00,1.00
2017.09.22 11:07:32.386,7.78781,7.78888,1.00,1.00
2017.09.22 11:07:32.438,7.78781,7.78896,1.00,1.00
2017.09.22 11:07:32.988,7.78783,7.78899,1.00,1.00
2017.09.22 11:07:33.039,7.78807,7.78899,1.00,1.00
2017.09.22 11:07:33.141,7.78801,7.78899,1.00,1.00
2017.09.22 11:07:33.193,7.78793,7.78899,1.00,1.00
2017.09.22 11:07:33.244,7.78812,7.78897,1.00,1.00
2017.09.22 11:07:33.346,7.78793,7.78895,1.00,1.00
2017.09.22 11:07:33.448,7.7878,7.78895,1.00,1.00
2017.09.22 11:07:33.601,7.7878,7.78883,1.00,1.00
2017.09.22 11:07:33.652,7.7878,7.7889,1.00,1.00
2017.09.22 11:07:33.811,7.7878,7.78892,1.00,1.00
2017.09.22 11:07:34.340,7.7878,7.78893,1.00,1.00
2017.09.22 11:07:34.871,7.78781,7.78898,1.00,1.00
2017.09.22 11:07:35.074,7.78794,7.78904,1.00,1.00
2017.09.22 11:07:35.309,7.78794,7.78908,1.00,1.00
2017.09.22 11:07:35.411,7.78795,7.78915,1.00,1.00
2017.09.22 11:07:35.513,7.78799,7.78915,1.00,1.00
2017.09.22 11:07:35.827,7.78816,7.78913,1.00,1.00
2017.09.22 11:07:36.132,7.78816,7.7891,1.00,1.00
2017.09.22 11:07:36.203,7.78816,7.78919,1.00,1.00
2017.09.22 11:07:36.399,7.78816,7.78925,1.00,1.00
2017.09.22 11:07:36.975,7.78816,7.78926,1.00,1.00
2017.09.22 11:07:38.079,7.78816,7.78928,1.00,1.00
2017.09.22 11:07:38.130,7.78816,7.78936,1.00,1.50
2017.09.22 11:07:38.181,7.78816,7.78931,1.00,1.00
2017.09.22 11:07:38.485,7.78802,7.78912,1.00,1.00
2017.09.22 11:07:39.124,7.78802,7.78918,1.00,1.00
2017.09.22 11:07:39.297,7.78803,7.78922,1.00,1.00
2017.09.22 11:07:39.399,7.78815,7.78925,1.00,1.00
2017.09.22 11:07:39.923,7.78817,7.78935,1.00,1.00
2017.09.22 11:07:39.974,7.78823,7.78935,1.00,1.00
2017.09.22 11:07:40.268,7.78809,7.78924,1.00,1.00
2017.09.22 11:07:40.526,7.78809,7.78919,1.00,1.00
2017.09.22 11:07:40.628,7.78809,7.78925,1.00,1.00
2017.09.22 11:07:40.920,7.78821,7.78929,1.00,1.00
2017.09.22 11:07:40.972,7.78832,7.78942,1.00,1.00
2017.09.22 11:07:41.023,7.7883,7.78942,1.00,1.00
2017.09.22 11:07:41.074,7.78823,7.78942,1.00,1.00
2017.09.22 11:07:41.503,7.78839,7.78942,1.00,1.00
2017.09.22 11:07:42.097,7.78839,7.78958,1.00,1.00
2017.09.22 11:07:42.148,7.78839,7.78956,1.00,1.00
2017.09.22 11:07:42.493,7.78865,7.78977,1.00,1.25
2017.09.22 11:07:42.816,7.78865,7.78973,1.00,1.00
2017.09.22 11:07:43.403,7.78865,7.78978,1.00,1.00
2017.09.22 11:07:44.130,7.78865,7.78982,1.00,1.00
2017.09.22 11:07:44.182,7.78869,7.78984,1.00,1.00
2017.09.22 11:07:44.999,7.78883,7.78991,1.00,1.00
2017.09.22 11:07:45.228,7.78883,7.79002,1.00,1.50
2017.09.22 11:07:45.555,7.78883,7.78996,1.00,1.00
2017.09.22 11:07:45.910,7.78883,7.78998,1.00,1.00
2017.09.22 11:07:46.063,7.78883,7.79002,1.00,1.00
2017.09.22 11:07:46.267,7.78883,7.78996,1.00,1.00
2017.09.22 11:07:46.581,7.78883,7.78991,1.00,1.00
2017.09.22 11:07:47.965,7.78883,7.78984,1.00,1.00
2017.09.22 11:07:48.676,7.78863,7.78983,1.00,1.00
2017.09.22 11:07:50.918,7.78863,7.78981,1.00,1.00
2017.09.22 11:07:53.265,7.78879,7.78983,1.00,1.00
2017.09.22 11:07:53.418,7.78881,7.78996,1.00,1.00
2017.09.22 11:07:53.469,7.78878,7.78996,1.00,1.00
2017.09.22 11:07:53.520,7.78899,7.78998,1.00,1.00
2017.09.22 11:07:53.685,7.78899,7.79009,1.00,1.00
2017.09.22 11:07:53.840,7.78899,7.79014,1.00,1.00
2017.09.22 11:07:53.942,7.789,7.79017,1.00,1.00
2017.09.22 11:07:54.195,7.78899,7.79009,1.00,1.00
2017.09.22 11:07:55.180,7.78899,7.79004,1.00,1.00
2017.09.22 11:07:55.281,7.78899,7.79009,1.00,1.00
2017.09.22 11:07:55.332,7.78899,7.78998,1.00,1.00
2017.09.22 11:07:55.637,7.78899,7.78995,1.00,1.00
2017.09.22 11:07:56.440,7.78899,7.79007,1.00,1.00
2017.09.22 11:07:57.572,7.78899,7.79011,1.00,1.00
2017.09.22 11:07:57.825,7.789,7.79017,1.00,1.00
2017.09.22 11:07:57.928,7.78905,7.79017,1.00,1.00
2017.09.22 11:07:58.030,7.78915,7.79028,1.00,1.00
2017.09.22 11:07:58.132,7.78915,7.79007,1.00,1.00
2017.09.22 11:07:58.396,7.78896,7.78994,1.00,1.00
2017.09.22 11:07:58.448,7.78896,7.78988,1.00,1.00
2017.09.22 11:07:58.500,7.78877,7.78988,1.00,1.00
2017.09.22 11:07:59.341,7.78877,7.7898,1.00,1.00
2017.09.22 11:08:00.978,7.78877,7.78981,1.00,1.00
2017.09.22 11:08:08.492,7.78877,7.78983,1.00,1.00
2017.09.22 11:08:12.270,7.78877,7.7899,1.00,1.00
2017.09.22 11:08:13.481,7.78877,7.78989,1.00,1.00
2017.09.22 11:08:13.766,7.78877,7.78985,1.00,1.00
2017.09.22 11:08:16.027,7.78877,7.78987,1.00,1.00
2017.09.22 11:08:17.562,7.78879,7.78983,1.00,1.00
2017.09.22 11:08:18.220,7.78879,7.78982,1.00,1.00
2017.09.22 11:08:20.592,7.78879,7.78977,1.00,1.00
2017.09.22 11:08:21.357,7.78866,7.78977,1.00,1.00
2017.09.22 11:08:23.529,7.78866,7.78982,1.00,1.00
2017.09.22 11:08:25.346,7.78866,7.78986,1.00,1.50
2017.09.22 11:08:26.888,7.78879,7.78986,1.00,1.00
2017.09.22 11:08:27.092,7.78877,7.78986,1.00,1.00
2017.09.22 11:08:27.143,7.78869,7.78986,1.19,1.00
2017.09.22 11:08:27.296,7.78869,7.78986,1.00,1.00
2017.09.22 11:08:27.499,7.78869,7.78991,1.00,1.00
2017.09.22 11:08:27.824,7.78865,7.78985,1.00,1.00
2017.09.22 11:08:28.325,7.78866,7.78984,1.00,1.00
2017.09.22 11:08:28.806,7.78866,7.78983,1.00,1.38
2017.09.22 11:08:29.072,7.78728,7.78848,1.00,1.50
2017.09.22 11:08:29.326,7.78728,7.78836,1.00,1.00
2017.09.22 11:08:29.377,7.78714,7.78831,1.00,1.00
2017.09.22 11:08:30.637,7.78724,7.78831,1.00,1.00
2017.09.22 11:08:30.857,7.78728,7.78844,1.00,1.00
2017.09.22 11:08:31.393,7.78728,7.78843,1.00,1.00
2017.09.22 11:08:32.091,7.78728,7.7884,1.00,1.00
2017.09.22 11:08:34.926,7.78728,7.78831,1.00,1.00
2017.09.22 11:08:35.179,7.78696,7.78813,1.00,1.00
2017.09.22 11:08:35.472,7.78692,7.78713,1.00,1.00
2017.09.22 11:08:35.523,7.78661,7.78692,1.00,1.00
2017.09.22 11:08:35.574,7.78658,7.78685,1.00,1.00
2017.09.22 11:08:35.625,7.78657,7.78703,1.00,1.00
2017.09.22 11:08:35.676,7.78592,7.78699,1.00,1.00
2017.09.22 11:08:35.778,7.78599,7.78715,1.00,1.25
2017.09.22 11:08:35.829,7.78604,7.78719,1.00,1.38
2017.09.22 11:08:35.880,7.78604,7.78719,1.00,1.00
2017.09.22 11:08:35.981,7.78616,7.78726,1.00,1.00
2017.09.22 11:08:36.032,7.78616,7.78728,1.00,1.00
2017.09.22 11:08:36.136,7.78616,7.7872,1.00,1.00
2017.09.22 11:08:36.289,7.78599,7.7872,1.00,1.50
2017.09.22 11:08:36.443,7.78599,7.7871,1.00,1.00
2017.09.22 11:08:36.697,7.78588,7.78705,1.00,1.00
2017.09.22 11:08:37.218,7.78584,7.78702,1.00,1.00
2017.09.22 11:08:37.269,7.78584,7.78693,1.00,1.00
2017.09.22 11:08:37.371,7.78571,7.78686,1.00,1.00
2017.09.22 11:08:37.523,7.78568,7.78666,1.00,1.00
2017.09.22 11:08:37.574,7.78568,7.78684,1.00,1.00
2017.09.22 11:08:37.727,7.78568,7.78674,1.00,1.00
2017.09.22 11:08:37.778,7.78554,7.7867,1.00,1.00
2017.09.22 11:08:37.956,7.7855,7.78647,1.00,1.00
2017.09.22 11:08:38.007,7.7855,7.7867,1.00,1.69
2017.09.22 11:08:38.059,7.7855,7.78644,1.00,1.00
2017.09.22 11:08:38.110,7.7855,7.7867,1.00,1.50
2017.09.22 11:08:38.212,7.78548,7.78655,1.00,1.00
2017.09.22 11:08:38.666,7.78556,7.78655,1.00,1.00
2017.09.22 11:08:38.717,7.78556,7.78672,1.00,1.00
2017.09.22 11:08:38.869,7.78552,7.78669,1.00,1.00
2017.09.22 11:08:38.920,7.78552,7.78645,1.00,1.00
2017.09.22 11:08:39.123,7.78537,7.78644,1.00,1.00
2017.09.22 11:08:39.607,7.78544,7.78655,1.00,1.00
2017.09.22 11:08:40.322,7.78545,7.78655,1.00,1.00
2017.09.22 11:08:40.791,7.7855,7.78655,1.00,1.00
2017.09.22 11:08:41.610,7.7854,7.78655,1.00,1.00
2017.09.22 11:08:41.712,7.78538,7.78655,1.00,1.00
2017.09.22 11:08:43.560,7.78539,7.78655,1.00,1.00
2017.09.22 11:08:44.268,7.78542,7.78655,1.00,1.00
2017.09.22 11:08:46.019,7.78537,7.78642,1.00,1.00
2017.09.22 11:08:46.212,7.78512,7.78621,1.00,1.00
2017.09.22 11:08:50.694,7.785,7.78619,1.00,1.00
2017.09.22 11:08:50.745,7.785,7.78577,1.00,1.00
2017.09.22 11:08:50.796,7.785,7.78586,1.00,1.00
2017.09.22 11:08:50.848,7.78463,7.7858,1.00,1.00
2017.09.22 11:08:51.052,7.78459,7.78572,1.00,1.00
2017.09.22 11:08:51.103,7.78459,7.78577,1.00,1.00
2017.09.22 11:08:51.230,7.78462,7.7858,1.00,1.00
2017.09.22 11:08:52.448,7.78462,7.78565,1.00,1.00
2017.09.22 11:08:53.145,7.78444,7.78532,1.00,1.00
2017.09.22 11:08:53.348,7.78387,7.78497,1.00,1.00
2017.09.22 11:08:54.000,7.78377,7.78487,1.00,1.00
2017.09.22 11:08:54.152,7.78361,7.78479,1.00,1.00
2017.09.22 11:08:54.203,7.78376,7.78479,1.00,1.00
2017.09.22 11:08:54.462,7.78381,7.78485,1.00,1.00
2017.09.22 11:08:54.615,7.78386,7.78485,1.00,1.00
2017.09.22 11:08:55.033,7.78375,7.78485,1.00,1.00
2017.09.22 11:08:55.084,7.78371,7.78485,1.00,1.00
2017.09.22 11:08:55.135,7.78366,7.78485,1.00,1.00
2017.09.22 11:08:55.238,7.78366,7.78466,1.00,1.00
2017.09.22 11:08:56.099,7.78362,7.78466,1.00,1.00
2017.09.22 11:08:56.590,7.78371,7.78466,1.00,1.00
2017.09.22 11:08:56.742,7.78371,7.78483,1.00,1.00
2017.09.22 11:08:58.553,7.78378,7.78483,1.00,1.00
2017.09.22 11:08:59.182,7.7838,7.78498,1.00,1.00
2017.09.22 11:08:59.437,7.78409,7.78498,1.00,1.00
2017.09.22 11:08:59.742,7.78511,7.786,1.00,1.00
2017.09.22 11:08:59.843,7.78526,7.78632,1.00,1.00
2017.09.22 11:08:59.945,7.78557,7.78651,1.00,1.00
2017.09.22 11:09:00.128,7.78557,7.78671,1.00,1.00
2017.09.22 11:09:00.179,7.78557,7.78677,1.00,1.00
2017.09.22 11:09:00.612,7.78566,7.78677,1.00,1.00
2017.09.22 11:09:01.121,7.7857,7.78677,1.00,1.00
2017.09.22 11:09:01.454,7.78583,7.78694,1.00,1.00
2017.09.22 11:09:01.732,7.78574,7.78694,1.00,1.50
2017.09.22 11:09:01.784,7.78574,7.78649,1.00,1.00
2017.09.22 11:09:01.835,7.78519,7.78609,1.00,1.00
2017.09.22 11:09:01.937,7.78488,7.7859,1.00,1.00
2017.09.22 11:09:02.089,7.78496,7.7859,1.00,1.00
2017.09.22 11:09:02.141,7.78501,7.78603,1.00,1.00
2017.09.22 11:09:02.193,7.78509,7.78603,1.00,1.00
2017.09.22 11:09:02.396,7.7854,7.78637,1.00,1.00
2017.09.22 11:09:02.499,7.7855,7.78637,1.00,1.00
2017.09.22 11:09:02.550,7.7855,7.78656,1.00,1.19
2017.09.22 11:09:02.601,7.7855,7.78668,1.00,1.00
2017.09.22 11:09:02.651,7.78559,7.78668,1.00,1.00
2017.09.22 11:09:03.284,7.78567,7.78668,1.00,1.00
2017.09.22 11:09:03.590,7.78485,7.78598,1.00,1.00
2017.09.22 11:09:03.794,7.78485,7.78603,1.00,1.00
2017.09.22 11:09:05.273,7.78502,7.78613,1.00,1.00
2017.09.22 11:09:06.071,7.78512,7.78622,1.00,1.00
2017.09.22 11:09:06.122,7.78503,7.78622,1.00,1.00
2017.09.22 11:09:06.388,7.78515,7.78621,1.00,1.00
2017.09.22 11:09:06.698,7.78515,7.786,1.00,1.00
2017.09.22 11:09:06.800,7.78495,7.786,1.00,1.00
2017.09.22 11:09:08.612,7.78495,7.78602,1.00,1.00
2017.09.22 11:09:08.837,7.78495,7.78599,1.00,1.00
2017.09.22 11:09:08.888,7.78482,7.78591,1.25,1.00
2017.09.22 11:09:09.207,7.78482,7.78597,1.19,1.00
2017.09.22 11:09:09.391,7.78482,7.786,1.25,1.00
2017.09.22 11:09:10.986,7.78486,7.78603,1.00,1.00
2017.09.22 11:09:11.231,7.78496,7.78615,1.00,1.50
2017.09.22 11:09:11.283,7.78496,7.78608,1.00,1.00
2017.09.22 11:09:12.192,7.78496,7.78613,1.00,1.00
2017.09.22 11:09:12.354,7.78499,7.78615,1.00,1.00
2017.09.22 11:09:12.579,7.78521,7.78641,1.00,1.00
2017.09.22 11:09:12.734,7.78526,7.78642,1.00,1.00
2017.09.22 11:09:12.887,7.78534,7.78654,1.00,1.00
2017.09.22 11:09:13.191,7.78605,7.78655,1.00,1.00
2017.09.22 11:09:13.293,7.78631,7.78696,1.00,1.00
2017.09.22 11:09:13.344,7.78643,7.78696,1.00,1.00
2017.09.22 11:09:13.445,7.78662,7.78726,1.00,1.00
2017.09.22 11:09:13.496,7.78654,7.78757,1.00,1.38
2017.09.22 11:09:13.548,7.7865,7.78764,1.00,1.00
2017.09.22 11:09:13.652,7.78646,7.78759,1.00,1.00
2017.09.22 11:09:13.905,7.78646,7.78764,1.50,1.00
2017.09.22 11:09:14.478,7.78646,7.78763,1.00,1.00
2017.09.22 11:09:14.842,7.7866,7.78764,1.00,1.00
2017.09.22 11:09:14.944,7.78656,7.78764,1.00,1.00
2017.09.22 11:09:15.096,7.78646,7.78764,1.00,1.00
2017.09.22 11:09:15.146,7.7865,7.78764,1.00,1.00
2017.09.22 11:09:15.391,7.78612,7.7873,1.00,1.00
2017.09.22 11:09:15.870,7.78621,7.7873,1.00,1.00
2017.09.22 11:09:16.023,7.78623,7.78743,1.00,1.50
2017.09.22 11:09:16.432,7.78632,7.78743,1.00,1.00
2017.09.22 11:09:16.822,7.78623,7.78743,1.00,1.00
2017.09.22 11:09:16.873,7.78623,7.787,1.00,1.00
2017.09.22 11:09:17.127,7.78539,7.78645,1.00,1.00
2017.09.22 11:09:17.229,7.78522,7.7864,1.00,1.00
2017.09.22 11:09:18.049,7.78524,7.7864,1.00,1.00
2017.09.22 11:09:18.354,7.78534,7.78646,1.00,1.00
2017.09.22 11:09:19.290,7.78534,7.78641,1.00,1.00
2017.09.22 11:09:19.616,7.78534,7.78644,1.00,1.00
2017.09.22 11:09:19.667,7.78534,7.78648,1.00,1.00
2017.09.22 11:09:19.769,7.78534,7.78638,1.00,1.00
2017.09.22 11:09:19.923,7.7852,7.78627,1.00,1.00
2017.09.22 11:09:20.217,7.7852,7.78624,1.00,1.00
2017.09.22 11:09:20.268,7.7852,7.78627,1.00,1.00
2017.09.22 11:09:20.371,7.7852,7.78613,1.00,1.00
2017.09.22 11:09:20.722,7.78489,7.78602,1.00,1.00
2017.09.22 11:09:21.096,7.78489,7.78605,1.00,1.00
2017.09.22 11:09:21.262,7.78489,7.78592,1.00,1.00
2017.09.22 11:09:21.516,7.78469,7.78589,1.00,1.00
2017.09.22 11:09:22.107,7.78469,7.78586,1.00,1.00
2017.09.22 11:09:22.446,7.78513,7.7859,1.00,1.00
2017.09.22 11:09:22.548,7.78542,7.78634,1.00,1.00
2017.09.22 11:09:22.599,7.78551,7.78634,1.00,1.00
2017.09.22 11:09:22.650,7.78551,7.78652,1.00,1.00
2017.09.22 11:09:22.932,7.78561,7.78672,1.00,1.00
2017.09.22 11:09:23.050,7.78552,7.78672,1.50,1.00
2017.09.22 11:09:23.342,7.78552,7.78659,1.00,1.00
2017.09.22 11:09:23.693,7.78557,7.78659,1.00,1.00
2017.09.22 11:09:23.745,7.7856,7.78677,1.00,1.00
2017.09.22 11:09:23.796,7.78572,7.7868,1.00,1.00
2017.09.22 11:09:24.025,7.78564,7.7868,1.00,1.00
2017.09.22 11:09:24.184,7.7856,7.78675,1.00,1.00
2017.09.22 11:09:24.977,7.7856,7.78679,1.00,1.00
2017.09.22 11:09:25.029,7.7856,7.78673,1.00,1.00
2017.09.22 11:09:25.131,7.78548,7.78664,1.00,1.00
2017.09.22 11:09:25.183,7.78548,7.78659,1.00,1.00
2017.09.22 11:09:25.913,7.78548,7.78655,1.00,1.00
2017.09.22 11:09:26.217,7.78548,7.78646,1.00,1.00
2017.09.22 11:09:26.268,7.78525,7.78646,1.00,1.50
2017.09.22 11:09:28.070,7.7853,7.78646,1.00,1.00
2017.09.22 11:09:28.633,7.78532,7.78646,1.00,1.00
2017.09.22 11:09:28.978,7.78525,7.78628,1.00,1.00
2017.09.22 11:09:29.029,7.78512,7.78628,1.00,1.00
2017.09.22 11:09:29.134,7.78512,7.78623,1.00,1.00
2017.09.22 11:09:29.392,7.78516,7.78632,1.00,1.00
2017.09.22 11:09:29.494,7.78518,7.78632,1.00,1.00
2017.09.22 11:09:29.927,7.78512,7.78629,1.00,1.00
2017.09.22 11:09:30.177,7.78512,7.78632,1.00,1.50
2017.09.22 11:09:30.917,7.78512,7.78625,1.00,1.00
2017.09.22 11:09:31.221,7.7849,7.78598,1.00,1.00
2017.09.22 11:09:31.526,7.78513,7.78598,1.00,1.00
2017.09.22 11:09:31.577,7.78513,7.78611,1.00,1.00
2017.09.22 11:09:32.375,7.78528,7.78611,1.00,1.00
2017.09.22 11:09:32.477,7.78528,7.78624,1.00,1.00
2017.09.22 11:09:33.004,7.78504,7.78624,1.50,1.00
2017.09.22 11:09:33.106,7.78504,7.78617,1.00,1.00
2017.09.22 11:09:33.374,7.78504,7.78619,1.00,1.00
2017.09.22 11:09:34.069,7.78504,7.7861,1.00,1.00
2017.09.22 11:09:34.373,7.78469,7.78568,1.00,1.00
2017.09.22 11:09:35.544,7.78469,7.7854,1.00,1.00
2017.09.22 11:09:35.798,7.78406,7.78514,1.00,1.00
2017.09.22 11:09:37.164,7.78393,7.78514,1.50,1.50
2017.09.22 11:09:38.672,7.78395,7.78514,1.00,1.00
2017.09.22 11:09:38.977,7.78464,7.78568,1.00,1.00
2017.09.22 11:09:39.079,7.7847,7.78588,1.00,1.00
2017.09.22 11:09:39.368,7.78476,7.78588,1.00,1.00
2017.09.22 11:09:40.138,7.78474,7.78588,1.00,1.00
2017.09.22 11:09:40.189,7.78491,7.78588,1.00,1.00
2017.09.22 11:09:40.240,7.7847,7.78588,1.00,1.00
2017.09.22 11:09:40.291,7.7847,7.78585,1.00,1.00
2017.09.22 11:09:40.608,7.78469,7.78568,1.00,1.00
2017.09.22 11:09:40.912,7.78474,7.7858,1.00,1.00
2017.09.22 11:09:41.014,7.78479,7.7858,1.00,1.00
2017.09.22 11:09:41.369,7.78462,7.7858,1.50,1.00
2017.09.22 11:09:41.420,7.78462,7.78536,1.00,1.00
2017.09.22 11:09:41.521,7.78446,7.78536,1.00,1.00
2017.09.22 11:09:41.573,7.78421,7.78536,1.00,1.00
2017.09.22 11:09:41.736,7.78414,7.78527,1.00,1.00
2017.09.22 11:09:41.787,7.7842,7.78536,1.00,1.00
2017.09.22 11:09:41.889,7.78424,7.7854,1.00,1.00
2017.09.22 11:09:42.207,7.78434,7.78553,1.00,1.00
2017.09.22 11:09:42.626,7.78434,7.78549,1.00,1.00
2017.09.22 11:09:42.728,7.78434,7.78554,1.00,1.50
2017.09.22 11:09:44.308,7.78434,7.78552,1.00,1.00
2017.09.22 11:09:46.731,7.78434,7.78527,1.00,1.00
2017.09.22 11:09:46.782,7.78414,7.78531,1.00,1.00
2017.09.22 11:09:46.833,7.78414,7.78526,1.00,1.00
2017.09.22 11:09:47.117,7.78418,7.78535,1.00,1.00
2017.09.22 11:09:47.422,7.78461,7.78535,1.00,1.00
2017.09.22 11:09:47.524,7.78461,7.78551,1.00,1.00
2017.09.22 11:09:47.626,7.78461,7.78573,1.00,1.00
2017.09.22 11:09:48.032,7.78465,7.78573,1.00,1.00
2017.09.22 11:09:48.357,7.78473,7.78573,1.00,1.00
2017.09.22 11:09:48.510,7.7848,7.78598,1.00,1.00
2017.09.22 11:09:51.158,7.78481,7.78598,1.00,1.00
2017.09.22 11:09:51.827,7.78482,7.78598,1.00,1.00
2017.09.22 11:09:52.068,7.78495,7.78598,1.00,1.00
2017.09.22 11:09:53.392,7.78504,7.78598,1.00,1.00
2017.09.22 11:09:53.545,7.78514,7.7862,1.00,1.00
2017.09.22 11:09:53.648,7.78522,7.7864,1.00,1.00
2017.09.22 11:09:54.155,7.78535,7.7864,1.00,1.00
2017.09.22 11:09:54.207,7.78522,7.7864,1.00,1.00
2017.09.22 11:09:54.308,7.78537,7.7864,1.00,1.00
2017.09.22 11:09:54.582,7.78522,7.7864,1.00,1.00
2017.09.22 11:09:54.786,7.78524,7.7864,1.00,1.00
2017.09.22 11:09:55.191,7.78538,7.78651,1.00,1.00
2017.09.22 11:09:55.509,7.78538,7.78648,1.00,1.00
2017.09.22 11:09:55.788,7.78538,7.78651,1.00,1.00
2017.09.22 11:09:56.314,7.78538,7.78639,1.00,1.00
2017.09.22 11:09:56.416,7.78524,7.78639,1.00,1.00
2017.09.22 11:09:56.676,7.78524,7.78632,1.00,1.00
2017.09.22 11:09:57.244,7.78524,7.78636,1.00,1.00
2017.09.22 11:09:57.346,7.78524,7.78639,1.00,1.00
2017.09.22 11:09:57.549,7.78516,7.78629,1.00,1.00
2017.09.22 11:09:58.169,7.78509,7.78629,1.00,1.00
2017.09.22 11:09:59.723,7.7851,7.78629,1.00,1.00
2017.09.22 11:09:59.825,7.78523,7.78629,1.00,1.00
2017.09.22 11:10:00.130,7.78528,7.78645,1.00,1.00
2017.09.22 11:10:00.344,7.78524,7.78628,1.00,1.00
2017.09.22 11:10:00.447,7.78486,7.78606,1.00,1.00
2017.09.22 11:10:00.498,7.78508,7.78606,1.00,1.00
2017.09.22 11:10:00.652,7.78526,7.78633,1.00,1.00
2017.09.22 11:10:01.218,7.78525,7.78633,1.00,1.00
2017.09.22 11:10:02.177,7.78523,7.78633,1.00,1.00
2017.09.22 11:10:02.909,7.78563,7.78633,1.00,1.00
2017.09.22 11:10:02.961,7.7856,7.78633,1.00,1.00
2017.09.22 11:10:03.013,7.78566,7.78633,1.00,1.00
2017.09.22 11:10:03.193,7.78562,7.78633,1.00,1.00
2017.09.22 11:10:03.244,7.78618,7.78697,1.00,1.00
2017.09.22 11:10:03.346,7.78632,7.78719,1.00,1.00
2017.09.22 11:10:03.398,7.78651,7.78719,1.00,1.00
2017.09.22 11:10:03.690,7.78689,7.78849,1.75,1.37
2017.09.22 11:10:03.745,7.78737,7.78829,1.00,1.00
2017.09.22 11:10:03.951,7.78793,7.789,1.00,1.00
2017.09.22 11:10:04.002,7.78803,7.789,1.00,1.00
2017.09.22 11:10:04.054,7.78806,7.78919,1.00,1.00
2017.09.22 11:10:04.105,7.78817,7.78919,1.00,1.00
2017.09.22 11:10:04.156,7.78807,7.78919,1.00,1.00
2017.09.22 11:10:04.207,7.7881,7.78919,1.00,1.00
2017.09.22 11:10:04.374,7.78824,7.78944,1.00,1.00
2017.09.22 11:10:04.435,7.78814,7.78931,1.00,1.00
2017.09.22 11:10:05.126,7.78813,7.78931,1.00,1.00
2017.09.22 11:10:05.456,7.78821,7.78931,1.00,1.00
2017.09.22 11:10:05.761,7.78886,7.79002,1.00,1.19
2017.09.22 11:10:06.069,7.78912,7.79032,1.00,1.00
2017.09.22 11:10:06.120,7.78917,7.79032,1.00,1.00
2017.09.22 11:10:06.374,7.78945,7.79065,1.00,1.00
2017.09.22 11:10:06.425,7.78945,7.79052,1.00,1.00
2017.09.22 11:10:06.578,7.78918,7.79044,1.00,1.00
2017.09.22 11:10:06.629,7.78918,7.79027,1.00,1.00
2017.09.22 11:10:06.760,7.78905,7.79024,1.00,1.00
2017.09.22 11:10:06.811,7.78905,7.79012,1.00,1.00
2017.09.22 11:10:07.116,7.78816,7.78899,1.00,1.00
2017.09.22 11:10:07.168,7.7877,7.78897,1.00,1.00
2017.09.22 11:10:07.223,7.7877,7.78892,1.00,1.00
2017.09.22 11:10:07.274,7.7877,7.78897,1.00,1.00
2017.09.22 11:10:07.327,7.78772,7.78897,1.00,1.00
2017.09.22 11:10:07.673,7.78823,7.78949,1.00,1.00
2017.09.22 11:10:07.775,7.78836,7.78962,1.00,1.00
2017.09.22 11:10:08.119,7.78889,7.79015,1.00,1.00
2017.09.22 11:10:08.424,7.78893,7.79015,1.00,1.00
2017.09.22 11:10:08.526,7.78888,7.79015,1.00,1.00
2017.09.22 11:10:08.577,7.78904,7.79031,1.00,1.00
2017.09.22 11:10:08.893,7.78929,7.79038,1.00,1.00
2017.09.22 11:10:08.944,7.78916,7.79043,1.00,1.00
2017.09.22 11:10:09.873,7.78936,7.79061,1.00,1.00
2017.09.22 11:10:10.026,7.78975,7.79101,1.00,1.00
2017.09.22 11:10:10.079,7.78955,7.79082,1.00,1.00
2017.09.22 11:10:10.181,7.78955,7.7908,1.00,1.00
2017.09.22 11:10:10.534,7.78916,7.79005,1.00,1.00
2017.09.22 11:10:10.585,7.78848,7.78983,1.00,1.00
2017.09.22 11:10:10.636,7.78864,7.78983,1.00,1.00
2017.09.22 11:10:10.687,7.78864,7.78988,1.00,1.00
2017.09.22 11:10:10.789,7.78886,7.79009,1.00,1.00
2017.09.22 11:10:10.841,7.78878,7.79009,1.00,1.00
2017.09.22 11:10:10.943,7.78878,7.79002,1.00,1.00
2017.09.22 11:10:11.290,7.78853,7.78969,1.00,1.00
2017.09.22 11:10:11.392,7.7884,7.78969,1.00,1.00
2017.09.22 11:10:11.443,7.7885,7.78969,1.00,1.00
2017.09.22 11:10:11.494,7.78865,7.7899,1.00,1.00
2017.09.22 11:10:11.597,7.78865,7.78928,1.00,1.00
2017.09.22 11:10:11.654,7.7884,7.78922,1.00,1.00
2017.09.22 11:10:11.708,7.7884,7.789,1.00,1.00
2017.09.22 11:10:11.759,7.78802,7.78885,1.00,1.00
2017.09.22 11:10:11.892,7.78802,7.78833,1.00,1.00
2017.09.22 11:10:12.045,7.78689,7.78791,1.00,1.00
2017.09.22 11:10:12.096,7.78687,7.78775,1.10,1.00
2017.09.22 11:10:12.147,7.78647,7.78775,1.00,1.00
2017.09.22 11:10:12.198,7.78633,7.78769,1.00,1.00
2017.09.22 11:10:12.248,7.78633,7.78754,1.00,1.00
2017.09.22 11:10:12.512,7.78601,7.78738,1.00,1.00
2017.09.22 11:10:12.563,7.78594,7.78719,1.00,1.00
2017.09.22 11:10:12.868,7.78581,7.78706,1.00,1.00
2017.09.22 11:10:13.338,7.78599,7.787,1.00,1.00
2017.09.22 11:10:13.390,7.78633,7.78752,1.00,1.00
2017.09.22 11:10:13.441,7.78626,7.78752,1.00,1.00
2017.09.22 11:10:13.492,7.78639,7.78765,1.00,1.00
2017.09.22 11:10:13.694,7.78624,7.78751,1.00,1.00
2017.09.22 11:10:13.796,7.78624,7.78746,1.00,1.00
2017.09.22 11:10:14.057,7.78548,7.78675,1.00,1.00
2017.09.22 11:10:14.108,7.78552,7.78675,1.00,1.00
2017.09.22 11:10:14.362,7.78562,7.78687,1.00,1.00
2017.09.22 11:10:14.514,7.78566,7.78687,1.00,1.00
2017.09.22 11:10:14.769,7.78577,7.78701,1.00,1.00
2017.09.22 11:10:14.820,7.78586,7.78701,1.00,1.00
2017.09.22 11:10:14.871,7.78594,7.78721,1.00,1.00
2017.09.22 11:10:15.277,7.7858,7.78706,1.00,1.00
2017.09.22 11:10:15.595,7.78585,7.78706,1.00,1.00
2017.09.22 11:10:15.924,7.78606,7.78706,1.00,1.00
2017.09.22 11:10:15.975,7.78611,7.78713,1.00,1.00
2017.09.22 11:10:16.026,7.78616,7.78713,1.00,1.00
2017.09.22 11:10:16.077,7.78616,7.78732,1.00,1.00
2017.09.22 11:10:16.229,7.78612,7.78732,1.00,1.00
2017.09.22 11:10:16.381,7.78599,7.78719,1.00,1.00
2017.09.22 11:10:16.794,7.78599,7.78712,1.00,1.00
2017.09.22 11:10:16.896,7.78582,7.78702,1.00,1.00
2017.09.22 11:10:16.997,7.78569,7.78689,1.00,1.00
2017.09.22 11:10:17.302,7.78546,7.78663,1.00,1.00
2017.09.22 11:10:17.444,7.78543,7.78663,1.50,1.00
2017.09.22 11:10:17.546,7.78546,7.78663,1.00,1.00
2017.09.22 11:10:17.597,7.78543,7.78663,1.00,1.00
2017.09.22 11:10:18.002,7.78535,7.78641,1.00,1.00
2017.09.22 11:10:18.053,7.78525,7.78641,1.00,1.00
2017.09.22 11:10:18.104,7.78542,7.7866,1.00,1.00
2017.09.22 11:10:18.317,7.78528,7.78648,1.00,1.00
2017.09.22 11:10:18.368,7.78517,7.78635,1.00,1.00
2017.09.22 11:10:18.419,7.78515,7.78635,1.00,1.00
2017.09.22 11:10:18.471,7.78525,7.78635,1.00,1.00
2017.09.22 11:10:18.573,7.78522,7.78635,1.00,1.00
2017.09.22 11:10:18.777,7.78528,7.78648,1.00,1.00
2017.09.22 11:10:19.132,7.78515,7.78635,1.00,1.00
2017.09.22 11:10:19.692,7.78515,7.78632,1.00,1.00
2017.09.22 11:10:19.997,7.78464,7.78582,1.50,1.00
2017.09.22 11:10:20.048,7.78477,7.78582,1.00,1.00
2017.09.22 11:10:20.201,7.78476,7.78596,1.00,1.00
2017.09.22 11:10:20.405,7.78463,7.78583,1.00,1.00
2017.09.22 11:10:20.709,7.78471,7.78583,1.00,1.00
2017.09.22 11:10:20.927,7.78476,7.78596,1.00,1.00
2017.09.22 11:10:21.284,7.78463,7.78577,1.00,1.00
2017.09.22 11:10:21.335,7.78458,7.78577,1.00,1.00
2017.09.22 11:10:21.640,7.7846,7.78577,1.00,1.00
2017.09.22 11:10:21.951,7.78476,7.7859,1.00,1.00
2017.09.22 11:10:22.256,7.78501,7.78609,1.00,1.00
2017.09.22 11:10:22.460,7.78492,7.78609,1.00,1.00
2017.09.22 11:10:22.511,7.78489,7.78609,1.00,1.00
2017.09.22 11:10:22.562,7.78489,7.78595,1.00,1.00
2017.09.22 11:10:22.824,7.78451,7.78569,1.00,1.00
2017.09.22 11:10:22.926,7.78437,7.78557,1.00,1.00
2017.09.22 11:10:23.129,7.78445,7.78557,1.00,1.00
2017.09.22 11:10:23.433,7.78469,7.7857,1.00,1.00
2017.09.22 11:10:23.549,7.78469,7.78583,1.00,1.00
2017.09.22 11:10:23.600,7.7848,7.78583,1.00,1.00
2017.09.22 11:10:23.803,7.7849,7.78608,1.00,1.00
2017.09.22 11:10:23.905,7.78481,7.78596,1.00,1.00
2017.09.22 11:10:24.006,7.78476,7.78596,1.00,1.00
2017.09.22 11:10:24.209,7.78463,7.78583,1.00,1.00
2017.09.22 11:10:24.535,7.78475,7.78583,1.00,1.00
2017.09.22 11:10:24.586,7.78484,7.78604,1.00,1.00
2017.09.22 11:10:24.840,7.78489,7.78604,1.00,1.00
2017.09.22 11:10:25.195,7.78484,7.78603,1.00,1.00
2017.09.22 11:10:25.247,7.78484,7.78598,1.00,1.00
2017.09.22 11:10:25.573,7.78465,7.78571,1.00,1.00
2017.09.22 11:10:26.269,7.78458,7.78571,1.00,1.00
2017.09.22 11:10:26.321,7.78451,7.78571,1.00,1.00
2017.09.22 11:10:26.650,7.78459,7.78571,1.00,1.00
2017.09.22 11:10:26.701,7.78455,7.78571,1.00,1.00
2017.09.22 11:10:27.234,7.78454,7.78571,1.00,1.00
2017.09.22 11:10:27.285,7.78451,7.78571,1.00,1.00
2017.09.22 11:10:27.336,7.78451,7.78565,1.00,1.00
2017.09.22 11:10:27.638,7.78409,7.78519,1.00,1.00
2017.09.22 11:10:27.790,7.78419,7.78539,1.00,1.00
2017.09.22 11:10:28.246,7.78423,7.78539,1.00,1.00
2017.09.22 11:10:28.563,7.78419,7.78539,1.00,1.00
2017.09.22 11:10:28.817,7.78418,7.78526,1.00,1.00
2017.09.22 11:10:29.022,7.78419,7.78539,1.00,1.00
2017.09.22 11:10:29.674,7.78419,7.78538,1.00,1.00
2017.09.22 11:10:31.280,7.78419,7.78539,1.00,1.00
2017.09.22 11:10:32.642,7.78419,7.78532,1.00,1.00
2017.09.22 11:10:33.907,7.78429,7.78539,1.00,1.00
2017.09.22 11:10:34.212,7.78427,7.78539,1.00,1.00
2017.09.22 11:10:34.263,7.78419,7.78539,1.50,1.00
2017.09.22 11:10:34.314,7.78419,7.78532,1.00,1.00
2017.09.22 11:10:34.524,7.78406,7.78526,1.50,1.00
2017.09.22 11:10:34.575,7.78431,7.78526,1.00,1.00
2017.09.22 11:10:34.830,7.78428,7.78538,1.00,1.00
2017.09.22 11:10:35.033,7.78431,7.78538,1.00,1.00
2017.09.22 11:10:35.237,7.7842,7.78538,1.00,1.50
2017.09.22 11:10:35.352,7.7842,7.78531,1.00,1.00
2017.09.22 11:10:35.420,7.78412,7.78526,1.00,1.00
2017.09.22 11:10:35.471,7.78409,7.78526,1.00,1.00
2017.09.22 11:10:35.677,7.78415,7.78526,1.00,1.00
2017.09.22 11:10:36.200,7.78416,7.78526,1.00,1.00
2017.09.22 11:10:36.376,7.78409,7.78526,1.00,1.00
2017.09.22 11:10:36.580,7.78406,7.78523,1.00,1.00
2017.09.22 11:10:36.631,7.78407,7.78526,1.00,1.00
2017.09.22 11:10:36.732,7.78407,7.78513,1.00,1.00
2017.09.22 11:10:36.834,7.7841,7.78526,1.00,1.00
2017.09.22 11:10:37.449,7.78406,7.78526,1.50,1.00
2017.09.22 11:10:37.757,7.78406,7.78524,1.00,1.00
2017.09.22 11:10:38.061,7.78408,7.78527,1.00,1.00
2017.09.22 11:10:38.478,7.78415,7.78527,1.00,1.00
2017.09.22 11:10:39.650,7.78426,7.78527,1.00,1.00
2017.09.22 11:10:39.786,7.78416,7.78527,1.00,1.00
2017.09.22 11:10:41.470,7.7842,7.78527,1.00,1.00
2017.09.22 11:10:42.033,7.78421,7.78527,1.00,1.00
2017.09.22 11:10:42.236,7.78416,7.78527,1.00,1.00
2017.09.22 11:10:45.392,7.78418,7.78527,1.00,1.00
2017.09.22 11:10:45.443,7.78419,7.78535,1.00,1.00
2017.09.22 11:10:45.545,7.78427,7.7854,1.00,1.00
2017.09.22 11:10:46.132,7.78431,7.7854,1.00,1.00
2017.09.22 11:10:48.093,7.78439,7.7854,1.00,1.00
2017.09.22 11:10:48.297,7.78448,7.78558,1.00,1.00
2017.09.22 11:10:50.520,7.78459,7.78558,1.00,1.00
2017.09.22 11:10:50.672,7.78479,7.78591,1.00,1.00
2017.09.22 11:10:51.289,7.78481,7.78591,1.00,1.00
2017.09.22 11:10:51.786,7.78471,7.78584,1.00,1.00
2017.09.22 11:10:51.887,7.78471,7.78579,1.00,1.00
2017.09.22 11:10:51.939,7.78471,7.78584,1.00,1.00
2017.09.22 11:10:51.990,7.78461,7.78577,1.00,1.00
2017.09.22 11:10:52.913,7.7845,7.78565,1.00,1.00
2017.09.22 11:10:53.484,7.78446,7.78565,1.00,1.00
2017.09.22 11:10:53.535,7.78445,7.7854,1.00,1.00
2017.09.22 11:10:53.589,7.78432,7.78532,1.00,1.00
2017.09.22 11:10:53.732,7.78432,7.78524,1.00,1.00
2017.09.22 11:10:53.783,7.78426,7.7854,1.00,1.00
2017.09.22 11:10:53.834,7.78428,7.78546,1.00,1.25
2017.09.22 11:10:53.987,7.78426,7.78546,1.00,1.50
2017.09.22 11:10:54.089,7.78424,7.78532,1.00,1.00
2017.09.22 11:10:54.140,7.78421,7.78532,1.00,1.00
2017.09.22 11:10:58.668,7.78414,7.78514,1.00,1.00
2017.09.22 11:10:58.820,7.78364,7.78474,1.00,1.00
2017.09.22 11:10:58.871,7.78364,7.78403,1.00,1.00
2017.09.22 11:10:58.922,7.78278,7.78389,1.00,1.00
2017.09.22 11:10:58.973,7.78282,7.78399,1.00,1.00
2017.09.22 11:10:59.024,7.78278,7.78357,1.00,1.00
2017.09.22 11:10:59.126,7.78217,7.78338,1.00,1.00
2017.09.22 11:10:59.228,7.7824,7.78333,1.00,1.00
2017.09.22 11:10:59.402,7.78226,7.78334,1.00,1.00
2017.09.22 11:10:59.670,7.78235,7.78334,1.00,1.00
2017.09.22 11:10:59.974,7.78219,7.78334,1.00,1.00
2017.09.22 11:11:00.127,7.78218,7.78315,1.00,1.00
2017.09.22 11:11:00.383,7.78207,7.78315,1.00,1.00
2017.09.22 11:11:00.920,7.78199,7.78315,1.00,1.00
2017.09.22 11:11:01.021,7.78194,7.78314,1.00,1.00
2017.09.22 11:11:01.376,7.78194,7.78311,1.00,1.00
2017.09.22 11:11:03.473,7.78194,7.78286,1.00,1.00
2017.09.22 11:11:03.525,7.78177,7.78286,1.00,1.00
2017.09.22 11:11:03.577,7.78177,7.78295,1.00,1.00
2017.09.22 11:11:03.628,7.78164,7.78284,1.00,1.00
2017.09.22 11:11:03.857,7.78172,7.78284,1.00,1.00
2017.09.22 11:11:04.111,7.78249,7.78366,1.00,1.00
2017.09.22 11:11:04.213,7.78264,7.78366,1.00,1.00
2017.09.22 11:11:04.607,7.78256,7.78366,1.00,1.00
2017.09.22 11:11:05.139,7.78255,7.78366,1.00,1.00
2017.09.22 11:11:05.241,7.78265,7.78366,1.00,1.00
2017.09.22 11:11:05.523,7.78254,7.78366,1.00,1.00
2017.09.22 11:11:05.574,7.78245,7.78359,1.00,1.00
2017.09.22 11:11:05.691,7.78245,7.78353,1.00,1.00
2017.09.22 11:11:05.743,7.78245,7.78362,1.00,1.00
2017.09.22 11:11:05.844,7.78217,7.78336,1.00,1.00
2017.09.22 11:11:06.353,7.78217,7.78334,1.00,1.00
2017.09.22 11:11:06.932,7.78212,7.78324,1.00,1.00
2017.09.22 11:11:08.517,7.78203,7.78313,1.00,1.00
2017.09.22 11:11:08.670,7.78203,7.78322,1.00,1.00
2017.09.22 11:11:08.721,7.78203,7.78312,1.00,1.00
2017.09.22 11:11:08.822,7.78189,7.78303,1.00,1.00
2017.09.22 11:11:08.874,7.78198,7.78303,1.00,1.00
2017.09.22 11:11:08.925,7.78198,7.78315,1.00,1.00
2017.09.22 11:11:09.063,7.78191,7.78303,1.00,1.00
2017.09.22 11:11:09.267,7.78188,7.78303,1.00,1.00
2017.09.22 11:11:09.930,7.78192,7.78303,1.00,1.00
2017.09.22 11:11:12.259,7.78189,7.78303,1.00,1.00
2017.09.22 11:11:13.899,7.78183,7.78303,1.00,1.50
2017.09.22 11:11:14.102,7.78188,7.78303,1.00,1.00
2017.09.22 11:11:14.520,7.78191,7.78303,1.00,1.00
2017.09.22 11:11:14.673,7.78211,7.78327,1.00,1.00
2017.09.22 11:11:15.296,7.7822,7.78327,1.00,1.00
2017.09.22 11:11:15.398,7.78218,7.78327,1.00,1.00
2017.09.22 11:11:15.525,7.78258,7.78348,1.00,1.00
2017.09.22 11:11:15.678,7.78309,7.78408,1.00,1.00
2017.09.22 11:11:15.729,7.78289,7.78395,1.00,1.00
2017.09.22 11:11:15.780,7.78277,7.78395,1.00,1.00
2017.09.22 11:11:15.831,7.78275,7.7839,1.00,1.00
2017.09.22 11:11:16.160,7.78268,7.78381,1.00,1.00
2017.09.22 11:11:16.678,7.78267,7.78381,1.00,1.00
2017.09.22 11:11:17.005,7.78264,7.78381,1.00,1.00
2017.09.22 11:11:17.390,7.78285,7.78381,1.00,1.00
2017.09.22 11:11:17.695,7.78302,7.78396,1.00,1.00
2017.09.22 11:11:19.126,7.78302,7.78415,1.00,1.00
2017.09.22 11:11:19.177,7.78302,7.78418,1.00,1.00
2017.09.22 11:11:19.570,7.783,7.78418,1.00,1.00
2017.09.22 11:11:19.714,7.78298,7.78418,1.00,1.00
2017.09.22 11:11:19.766,7.78282,7.78396,1.00,1.00
2017.09.22 11:11:20.070,7.78275,7.78384,1.00,1.00
2017.09.22 11:11:20.845,7.78264,7.78384,1.00,1.00
2017.09.22 11:11:21.067,7.78254,7.78371,1.00,1.00
2017.09.22 11:11:21.371,7.78252,7.78359,1.00,1.00
2017.09.22 11:11:22.049,7.78248,7.78359,1.00,1.00
2017.09.22 11:11:22.389,7.7824,7.78359,1.00,1.00
2017.09.22 11:11:22.440,7.78219,7.78329,1.00,1.00
2017.09.22 11:11:22.694,7.78176,7.78289,1.00,1.00
2017.09.22 11:11:23.148,7.78202,7.78289,1.00,1.00
2017.09.22 11:11:23.250,7.78217,7.7831,1.00,1.00
2017.09.22 11:11:23.301,7.78252,7.78313,1.00,1.00
2017.09.22 11:11:23.352,7.78252,7.78333,1.00,1.00
2017.09.22 11:11:23.403,7.78252,7.78341,1.00,1.00
2017.09.22 11:11:23.455,7.78252,7.78356,1.00,1.00
2017.09.22 11:11:23.737,7.78247,7.78356,1.00,1.00
2017.09.22 11:11:23.890,7.78252,7.78356,1.00,1.00
2017.09.22 11:11:24.565,7.78264,7.78356,1.00,1.00
2017.09.22 11:11:24.667,7.78268,7.78377,1.00,1.00
2017.09.22 11:11:24.727,7.78257,7.78377,1.50,1.00
2017.09.22 11:11:24.903,7.78257,7.78368,1.00,1.00
2017.09.22 11:11:25.005,7.78219,7.7834,1.50,1.00
2017.09.22 11:11:25.056,7.78219,7.7832,1.00,1.00
2017.09.22 11:11:25.260,7.78147,7.78256,1.00,1.00
2017.09.22 11:11:25.312,7.78152,7.78256,1.00,1.00
2017.09.22 11:11:25.364,7.7815,7.78256,1.00,1.00
2017.09.22 11:11:25.517,7.78153,7.78256,1.00,1.00
2017.09.22 11:11:25.712,7.78148,7.78256,1.00,1.00
2017.09.22 11:11:25.967,7.78154,7.78256,1.00,1.00
2017.09.22 11:11:26.069,7.78154,7.78273,1.00,1.00
2017.09.22 11:11:26.850,7.78153,7.78261,1.00,1.00
2017.09.22 11:11:26.997,7.7814,7.7826,1.00,1.50
2017.09.22 11:11:27.100,7.7814,7.78258,1.00,1.00
2017.09.22 11:11:27.708,7.7814,7.78257,1.00,1.00
2017.09.22 11:11:28.272,7.78135,7.78247,1.00,1.00
2017.09.22 11:11:28.323,7.78131,7.78247,1.00,1.00
2017.09.22 11:11:28.965,7.78149,7.78247,1.00,1.00
2017.09.22 11:11:29.270,7.78215,7.78313,1.00,1.00
2017.09.22 11:11:29.373,7.78224,7.78334,1.00,1.00
2017.09.22 11:11:30.680,7.78215,7.78334,1.00,1.00
2017.09.22 11:11:30.754,7.78219,7.78334,1.00,1.00
2017.09.22 11:11:31.959,7.78214,7.78333,1.00,1.00
2017.09.22 11:11:33.422,7.78214,7.78334,1.50,1.00
2017.09.22 11:11:34.986,7.78234,7.78354,1.00,1.00
2017.09.22 11:11:35.292,7.78254,7.78374,1.00,1.00
2017.09.22 11:11:36.096,7.78254,7.78371,1.00,1.00
2017.09.22 11:11:38.908,7.78254,7.78372,1.00,1.00
2017.09.22 11:11:40.298,7.78254,7.78374,1.00,1.00
2017.09.22 11:11:41.319,7.78241,7.78359,1.00,1.00
2017.09.22 11:11:42.788,7.78242,7.78359,1.00,1.00
2017.09.22 11:11:44.147,7.78252,7.78359,1.00,1.00
2017.09.22 11:11:44.198,7.78256,7.78377,1.00,1.00
2017.09.22 11:11:44.293,7.7827,7.78389,1.00,1.50
2017.09.22 11:11:44.395,7.78256,7.78377,1.00,1.00
2017.09.22 11:11:45.397,7.78243,7.78364,1.00,1.00
2017.09.22 11:11:45.745,7.78231,7.7835,1.00,1.00
2017.09.22 11:11:46.049,7.78175,7.78295,1.00,1.00
2017.09.22 11:11:46.746,7.78175,7.78292,1.00,1.00
2017.09.22 11:11:47.145,7.78175,7.78281,1.00,1.00
2017.09.22 11:11:47.297,7.78159,7.78273,1.00,1.00
2017.09.22 11:11:47.399,7.78139,7.78259,1.50,1.00
2017.09.22 11:11:47.944,7.78126,7.78246,1.00,1.00
2017.09.22 11:11:48.342,7.78114,7.78232,1.00,1.00
2017.09.22 11:11:49.464,7.78114,7.78226,1.00,1.00
2017.09.22 11:11:49.617,7.78093,7.78211,1.00,1.00
2017.09.22 11:11:51.950,7.78106,7.78226,1.00,1.00
2017.09.22 11:11:57.367,7.78106,7.78223,1.00,1.00
2017.09.22 11:11:57.469,7.78106,7.78226,1.00,1.00
2017.09.22 11:11:58.817,7.78106,7.78212,1.00,1.00
2017.09.22 11:11:59.072,7.77957,7.78066,1.00,1.00
2017.09.22 11:11:59.123,7.7794,7.78045,1.00,1.00
2017.09.22 11:11:59.225,7.7792,7.78028,1.00,1.00
2017.09.22 11:11:59.276,7.7791,7.78028,1.00,1.00
2017.09.22 11:12:00.656,7.77926,7.78047,1.00,1.00
2017.09.22 11:12:02.224,7.77942,7.78063,1.00,1.00
2017.09.22 11:12:02.529,7.77965,7.78086,1.00,1.00
2017.09.22 11:12:03.368,7.77979,7.78098,1.00,1.00
2017.09.22 11:12:03.472,7.77965,7.78086,1.00,1.00
2017.09.22 11:12:04.051,7.77951,7.78071,1.00,1.00
2017.09.22 11:12:04.394,7.7797,7.7809,1.00,1.00
2017.09.22 11:12:04.749,7.7797,7.78086,1.00,1.00
2017.09.22 11:12:04.952,7.77957,7.78077,1.00,1.00
2017.09.22 11:12:05.365,7.77945,7.78063,1.00,1.00
2017.09.22 11:12:05.946,7.77958,7.78078,1.00,1.50
2017.09.22 11:12:07.547,7.77945,7.78065,1.00,1.00
2017.09.22 11:12:09.455,7.77932,7.78052,1.50,1.00
2017.09.22 11:12:10.367,7.77947,7.78067,1.00,1.00
2017.09.22 11:12:13.779,7.77947,7.78054,1.00,1.00
2017.09.22 11:12:13.880,7.7793,7.7805,1.00,1.00
2017.09.22 11:12:13.981,7.7792,7.78034,1.00,1.00
2017.09.22 11:12:14.285,7.77915,7.78034,1.00,1.00
2017.09.22 11:12:16.739,7.77913,7.78034,1.00,1.00
2017.09.22 11:12:19.991,7.77906,7.78019,1.00,1.00
2017.09.22 11:12:20.108,7.77912,7.78032,1.00,1.00
2017.09.22 11:12:21.454,7.77919,7.78032,1.00,1.00
2017.09.22 11:12:21.506,7.77932,7.78052,1.00,1.00
2017.09.22 11:12:21.658,7.77932,7.78041,1.00,1.00
2017.09.22 11:12:21.710,7.77932,7.78052,1.00,1.00
2017.09.22 11:12:21.762,7.7793,7.78034,1.00,1.00
2017.09.22 11:12:21.864,7.77942,7.78062,1.00,1.00
2017.09.22 11:12:22.413,7.77943,7.78062,1.00,1.00
2017.09.22 11:12:22.514,7.77945,7.78062,1.00,1.00
2017.09.22 11:12:23.162,7.77949,7.78062,1.00,1.00
2017.09.22 11:12:23.264,7.77963,7.78081,1.00,1.00
2017.09.22 11:12:23.487,7.77963,7.78078,1.00,1.00
2017.09.22 11:12:23.800,7.77908,7.78028,1.00,1.00
2017.09.22 11:12:24.050,7.77915,7.78028,1.00,1.00
2017.09.22 11:12:24.354,7.77949,7.78028,1.00,1.00
2017.09.22 11:12:24.406,7.77949,7.78052,1.00,1.00
2017.09.22 11:12:24.508,7.77958,7.78079,1.00,1.00
2017.09.22 11:12:25.966,7.77942,7.78062,1.00,1.00
2017.09.22 11:12:27.131,7.77954,7.78062,1.00,1.00
2017.09.22 11:12:27.386,7.78001,7.78119,1.50,1.00
2017.09.22 11:12:27.488,7.78013,7.78133,1.00,1.00
2017.09.22 11:12:27.539,7.78017,7.78133,1.00,1.00
2017.09.22 11:12:27.849,7.78049,7.78151,1.00,1.00
2017.09.22 11:12:27.900,7.78058,7.78178,1.00,1.00
2017.09.22 11:12:28.002,7.78055,7.78165,1.00,1.00
2017.09.22 11:12:28.104,7.78059,7.78177,1.00,1.00
2017.09.22 11:12:28.155,7.78061,7.78177,1.00,1.00
2017.09.22 11:12:28.308,7.78059,7.78177,1.00,1.00
2017.09.22 11:12:28.804,7.78038,7.78158,1.00,1.00
2017.09.22 11:12:30.049,7.78038,7.78152,1.00,1.00
2017.09.22 11:12:30.304,7.77999,7.78119,1.00,1.00
2017.09.22 11:12:31.561,7.78016,7.78119,1.00,1.00
2017.09.22 11:12:31.816,7.78026,7.78146,1.00,1.00
2017.09.22 11:12:32.209,7.78026,7.78134,1.00,1.00
2017.09.22 11:12:32.430,7.77995,7.78113,1.00,1.00
2017.09.22 11:12:32.786,7.77995,7.78103,1.00,1.00
2017.09.22 11:12:33.090,7.77996,7.7809,1.00,1.00
2017.09.22 11:12:33.192,7.77996,7.7811,1.00,1.00
2017.09.22 11:12:33.555,7.78008,7.7811,1.00,1.00
2017.09.22 11:12:33.809,7.78026,7.78144,1.00,1.00
2017.09.22 11:12:33.861,7.78024,7.78144,1.00,1.00
2017.09.22 11:12:34.013,7.78029,7.78144,1.00,1.00
2017.09.22 11:12:34.318,7.78039,7.78144,1.00,1.00
2017.09.22 11:12:34.667,7.78061,7.78162,1.00,1.00
2017.09.22 11:12:34.769,7.78044,7.78162,1.00,1.00
2017.09.22 11:12:34.986,7.78024,7.78144,1.50,1.00
2017.09.22 11:12:35.189,7.7802,7.7813,1.00,1.00
2017.09.22 11:12:36.526,7.78022,7.7813,1.00,1.00
2017.09.22 11:12:36.846,7.78012,7.7813,1.00,1.00
2017.09.22 11:12:36.999,7.78,7.78112,1.00,1.00
2017.09.22 11:12:39.014,7.78002,7.78112,1.00,1.00
2017.09.22 11:12:40.405,7.77993,7.78112,1.00,1.00
2017.09.22 11:12:40.939,7.77992,7.78112,1.00,1.00
2017.09.22 11:12:41.808,7.77998,7.78112,1.00,1.00
2017.09.22 11:12:41.859,7.77996,7.78112,1.00,1.00
2017.09.22 11:12:41.911,7.77992,7.78112,1.00,1.00
2017.09.22 11:12:45.263,7.77979,7.78093,1.00,1.00
2017.09.22 11:12:45.581,7.77981,7.78093,1.00,1.00
2017.09.22 11:12:46.544,7.77983,7.78093,1.00,1.00
2017.09.22 11:12:47.967,7.77992,7.78093,1.00,1.00
2017.09.22 11:12:48.835,7.77994,7.78093,1.00,1.00
2017.09.22 11:12:48.936,7.77994,7.78106,1.00,1.00
2017.09.22 11:12:49.160,7.77999,7.78106,1.00,1.00
2017.09.22 11:12:50.199,7.78002,7.78106,1.00,1.00
2017.09.22 11:12:51.068,7.78009,7.78106,1.00,1.00
2017.09.22 11:12:51.280,7.78009,7.7812,1.00,1.00
2017.09.22 11:12:52.504,7.78005,7.7812,1.00,1.00
2017.09.22 11:12:52.659,7.78009,7.7812,1.00,1.00
2017.09.22 11:12:52.973,7.78021,7.7812,1.00,1.00
2017.09.22 11:12:53.074,7.78029,7.78133,1.00,1.00
2017.09.22 11:12:53.809,7.78013,7.78133,1.00,1.00
2017.09.22 11:12:53.961,7.78013,7.78115,1.00,1.00
2017.09.22 11:12:54.063,7.78009,7.78115,1.00,1.00
2017.09.22 11:12:55.963,7.78022,7.78115,1.50,1.00
2017.09.22 11:12:56.166,7.78081,7.78179,1.00,1.00
2017.09.22 11:12:56.236,7.78085,7.782,1.00,1.00
2017.09.22 11:12:56.287,7.78085,7.78205,1.00,1.00
2017.09.22 11:12:56.682,7.78085,7.78201,1.00,1.00
2017.09.22 11:12:56.886,7.78072,7.78192,1.00,1.00
2017.09.22 11:12:58.943,7.78072,7.78168,1.00,1.00
2017.09.22 11:12:58.994,7.78029,7.78148,1.00,1.00
2017.09.22 11:12:59.045,7.78027,7.78148,1.50,1.00
2017.09.22 11:12:59.097,7.78032,7.78148,1.00,1.00
2017.09.22 11:12:59.460,7.78031,7.78131,1.00,1.00
2017.09.22 11:12:59.511,7.78022,7.78131,1.00,1.00
2017.09.22 11:12:59.562,7.7803,7.78131,1.00,1.00
2017.09.22 11:12:59.859,7.78026,7.78131,1.00,1.00
2017.09.22 11:12:59.910,7.78021,7.78131,1.00,1.00
2017.09.22 11:13:00.113,7.78026,7.78131,1.00,1.00
2017.09.22 11:13:01.710,7.78022,7.78131,1.00,1.00
2017.09.22 11:13:01.905,7.78017,7.78131,1.00,1.00
2017.09.22 11:13:02.006,7.78022,7.78131,1.00,1.00
2017.09.22 11:13:02.315,7.78025,7.78131,1.00,1.00
2017.09.22 11:13:02.417,7.78022,7.78131,1.00,1.00
2017.09.22 11:13:02.469,7.78015,7.78131,1.00,1.00
2017.09.22 11:13:02.570,7.78015,7.78117,1.00,1.00
2017.09.22 11:13:03.092,7.78025,7.7813,1.00,1.00
2017.09.22 11:13:03.520,7.7803,7.7813,1.00,1.00
2017.09.22 11:13:03.695,7.78047,7.78165,1.00,1.00
2017.09.22 11:13:04.995,7.78044,7.78165,1.50,1.50
2017.09.22 11:13:05.046,7.78046,7.78165,1.00,1.00
2017.09.22 11:13:05.441,7.78046,7.78148,1.00,1.00
2017.09.22 11:13:06.543,7.78049,7.78148,1.00,1.00
2017.09.22 11:13:06.799,7.78057,7.78161,1.00,1.00
2017.09.22 11:13:07.106,7.78072,7.78161,1.00,1.00
2017.09.22 11:13:07.308,7.78078,7.7818,1.00,1.00
2017.09.22 11:13:07.410,7.78082,7.7818,1.00,1.00
2017.09.22 11:13:09.087,7.7808,7.7818,1.00,1.00
2017.09.22 11:13:09.379,7.78077,7.7818,1.00,1.00
2017.09.22 11:13:09.430,7.7806,7.7818,1.50,1.00
2017.09.22 11:13:09.481,7.7806,7.78168,1.00,1.00
2017.09.22 11:13:09.532,7.7806,7.78171,1.00,1.00
2017.09.22 11:13:09.634,7.78049,7.7816,1.00,1.00
2017.09.22 11:13:10.592,7.78049,7.78147,1.00,1.00
2017.09.22 11:13:11.116,7.78049,7.78159,1.00,1.00
2017.09.22 11:13:11.449,7.78057,7.78159,1.00,1.00
2017.09.22 11:13:11.759,7.78049,7.78159,1.00,1.00
2017.09.22 11:13:12.051,7.78054,7.78159,1.00,1.00
2017.09.22 11:13:12.776,7.78048,7.78159,1.00,1.00
2017.09.22 11:13:13.417,7.78056,7.78159,1.00,1.00
2017.09.22 11:13:14.058,7.78057,7.78159,1.00,1.00
2017.09.22 11:13:14.685,7.78076,7.78159,1.00,1.00
2017.09.22 11:13:14.927,7.78114,7.78199,1.00,1.00
2017.09.22 11:13:14.978,7.78114,7.78217,1.00,1.00
2017.09.22 11:13:15.446,7.7812,7.78217,1.00,1.00
2017.09.22 11:13:15.497,7.78111,7.78217,1.00,1.00
2017.09.22 11:13:15.972,7.78103,7.78217,1.00,1.00
2017.09.22 11:13:16.023,7.78099,7.78214,1.00,1.00
2017.09.22 11:13:16.075,7.78099,7.78211,1.00,1.00
2017.09.22 11:13:16.126,7.78086,7.78203,1.00,1.00
2017.09.22 11:13:16.177,7.78086,7.782,1.00,1.00
2017.09.22 11:13:16.506,7.78074,7.7817,1.00,1.00
2017.09.22 11:13:17.100,7.78055,7.7817,1.00,1.00
2017.09.22 11:13:17.151,7.78052,7.7817,1.00,1.00
2017.09.22 11:13:17.202,7.78061,7.7817,1.00,1.00
2017.09.22 11:13:17.516,7.78065,7.78164,1.00,1.00
2017.09.22 11:13:17.648,7.78057,7.78164,1.00,1.00
2017.09.22 11:13:17.701,7.78052,7.78164,1.00,1.00
2017.09.22 11:13:17.752,7.78095,7.78164,1.00,1.00
2017.09.22 11:13:17.803,7.78093,7.78164,1.00,1.00
2017.09.22 11:13:17.854,7.78064,7.78182,1.00,1.00
2017.09.22 11:13:17.989,7.78061,7.78158,1.00,1.00
2017.09.22 11:13:18.321,7.78023,7.78117,1.00,1.00
2017.09.22 11:13:18.611,7.78016,7.78117,1.00,1.00
2017.09.22 11:13:19.448,7.78019,7.78117,1.00,1.00
2017.09.22 11:13:19.670,7.78019,7.78137,1.00,1.50
2017.09.22 11:13:20.229,7.78024,7.78137,1.00,1.00
2017.09.22 11:13:20.582,7.78042,7.7815,1.00,1.00
2017.09.22 11:13:20.899,7.78058,7.7815,1.00,1.00
2017.09.22 11:13:21.001,7.78056,7.7815,1.00,1.00
2017.09.22 11:13:21.187,7.78062,7.78165,1.00,1.00
2017.09.22 11:13:21.574,7.78059,7.78165,1.00,1.00
2017.09.22 11:13:21.792,7.78053,7.78165,1.00,1.00
2017.09.22 11:13:22.083,7.78065,7.78165,1.00,1.00
2017.09.22 11:13:22.235,7.78072,7.78184,1.00,1.00
2017.09.22 11:13:22.504,7.78123,7.78185,1.00,1.00
2017.09.22 11:13:22.555,7.78103,7.78185,1.00,1.00
2017.09.22 11:13:22.607,7.78069,7.78185,1.00,1.00
2017.09.22 11:13:22.658,7.7806,7.78169,1.00,1.00
2017.09.22 11:13:23.299,7.78054,7.78169,1.00,1.00
2017.09.22 11:13:24.133,7.78055,7.78169,1.00,1.00
2017.09.22 11:13:25.037,7.78052,7.78169,1.00,1.00
2017.09.22 11:13:25.547,7.78053,7.78169,1.00,1.00
2017.09.22 11:13:27.309,7.78057,7.78169,1.00,1.00
2017.09.22 11:13:27.614,7.78108,7.78187,1.00,1.00
2017.09.22 11:13:27.665,7.78108,7.78208,1.00,1.00
2017.09.22 11:13:27.716,7.78117,7.78214,1.00,1.00
2017.09.22 11:13:27.768,7.78117,7.78227,1.00,1.00
2017.09.22 11:13:27.819,7.78111,7.78227,1.00,1.00
2017.09.22 11:13:27.988,7.78106,7.78227,1.50,1.00
2017.09.22 11:13:28.681,7.78106,7.78226,1.00,1.00
2017.09.22 11:13:29.418,7.78106,7.7822,1.00,1.00
2017.09.22 11:13:29.471,7.78106,7.78227,1.00,1.00
2017.09.22 11:13:29.574,7.78087,7.78188,1.00,1.00
2017.09.22 11:13:29.626,7.78067,7.78188,1.00,1.00
2017.09.22 11:13:29.678,7.78057,7.78175,1.00,1.00
2017.09.22 11:13:29.729,7.78054,7.78175,1.00,1.00
2017.09.22 11:13:29.781,7.78056,7.78175,1.00,1.00
2017.09.22 11:13:30.952,7.78054,7.78175,1.00,1.00
2017.09.22 11:13:31.158,7.78051,7.78162,1.00,1.00
2017.09.22 11:13:31.416,7.78048,7.78162,1.00,1.00
2017.09.22 11:13:31.467,7.78041,7.78162,1.00,1.00
2017.09.22 11:13:33.527,7.78051,7.78162,1.00,1.00
2017.09.22 11:13:33.679,7.78062,7.78182,1.00,1.50
2017.09.22 11:13:34.175,7.78053,7.78168,1.00,1.00
2017.09.22 11:13:35.710,7.78069,7.78168,1.00,1.00
2017.09.22 11:13:35.955,7.78079,7.78182,1.00,1.00
2017.09.22 11:13:36.057,7.78088,7.78182,1.00,1.00
2017.09.22 11:13:36.110,7.78092,7.78201,1.00,1.00
2017.09.22 11:13:36.313,7.78115,7.78201,1.00,1.00
2017.09.22 11:13:36.516,7.78107,7.78226,1.00,1.00
2017.09.22 11:13:36.669,7.78095,7.78207,1.00,1.00
2017.09.22 11:13:36.868,7.78092,7.78207,1.00,1.00
2017.09.22 11:13:36.919,7.78087,7.78207,1.00,1.00
2017.09.22 11:13:36.970,7.78074,7.78194,1.00,1.00
2017.09.22 11:13:37.274,7.78073,7.78188,1.00,1.00
2017.09.22 11:13:37.675,7.78073,7.78175,1.00,1.00
2017.09.22 11:13:39.148,7.78075,7.78175,1.00,1.00
2017.09.22 11:13:40.091,7.78078,7.78194,1.00,1.00
2017.09.22 11:13:40.193,7.78082,7.78195,1.00,1.00
2017.09.22 11:13:41.590,7.78086,7.78195,1.00,1.00
2017.09.22 11:13:42.802,7.78089,7.78195,1.00,1.00
2017.09.22 11:13:43.106,7.78151,7.78242,1.00,1.00
2017.09.22 11:13:43.208,7.78151,7.78262,1.00,1.00
2017.09.22 11:13:43.911,7.7816,7.78262,1.00,1.00
2017.09.22 11:13:44.584,7.78151,7.78262,1.00,1.00
2017.09.22 11:13:44.736,7.78151,7.7825,1.00,1.00
2017.09.22 11:13:45.071,7.78145,7.7825,1.00,1.00
2017.09.22 11:13:49.080,7.78129,7.78219,1.00,1.00
2017.09.22 11:13:49.132,7.78113,7.78223,1.19,1.00
2017.09.22 11:13:49.199,7.78097,7.78199,1.38,1.00
2017.09.22 11:13:49.351,7.78081,7.78199,1.00,1.00
2017.09.22 11:13:50.665,7.78092,7.78199,1.00,1.00
2017.09.22 11:13:53.434,7.78101,7.78199,1.00,1.00
2017.09.22 11:13:53.485,7.78095,7.78199,1.00,1.00
2017.09.22 11:13:53.587,7.7809,7.78199,1.00,1.00
2017.09.22 11:13:54.178,7.78092,7.78199,1.00,1.00
2017.09.22 11:13:54.562,7.78103,7.78199,1.00,1.00
2017.09.22 11:13:54.713,7.78103,7.78217,1.00,1.00
2017.09.22 11:13:54.815,7.78108,7.78217,1.00,1.00
2017.09.22 11:13:54.916,7.78098,7.78217,1.00,1.00
2017.09.22 11:13:55.119,7.78098,7.78197,1.00,1.00
2017.09.22 11:13:55.322,7.78105,7.7821,1.00,1.00
2017.09.22 11:13:55.537,7.78092,7.7821,1.00,1.00
2017.09.22 11:13:55.640,7.78085,7.78188,1.00,1.00
2017.09.22 11:13:55.692,7.78081,7.78188,1.00,1.00
2017.09.22 11:13:55.743,7.78081,7.78175,1.00,1.00
2017.09.22 11:13:55.918,7.78064,7.78175,1.00,1.00
2017.09.22 11:13:57.057,7.78076,7.78175,1.00,1.00
2017.09.22 11:13:57.108,7.78065,7.78175,1.00,1.00
2017.09.22 11:13:57.159,7.7807,7.78188,1.00,1.00
2017.09.22 11:13:57.261,7.7807,7.78175,1.00,1.00
2017.09.22 11:13:57.362,7.78078,7.78187,1.00,1.00
2017.09.22 11:13:58.365,7.78074,7.78187,1.00,1.00
2017.09.22 11:13:58.503,7.7807,7.78187,1.00,1.00
2017.09.22 11:13:59.195,7.78076,7.78187,1.00,1.00
2017.09.22 11:13:59.475,7.78073,7.78187,1.00,1.00
2017.09.22 11:13:59.729,7.78073,7.78164,1.00,1.00
2017.09.22 11:14:01.572,7.78079,7.78164,1.00,1.00
2017.09.22 11:14:01.775,7.78081,7.78184,1.00,1.00
2017.09.22 11:14:01.981,7.78074,7.78184,1.00,1.00
2017.09.22 11:14:02.133,7.78074,7.78171,1.00,1.00
2017.09.22 11:14:02.446,7.78078,7.78171,1.00,1.00
2017.09.22 11:14:02.649,7.78078,7.78191,1.00,1.00
2017.09.22 11:14:02.963,7.78074,7.78164,1.00,1.00
2017.09.22 11:14:04.163,7.78078,7.78164,1.00,1.00
2017.09.22 11:14:04.214,7.78076,7.78164,1.00,1.00
2017.09.22 11:14:04.265,7.78076,7.78184,1.00,1.00
2017.09.22 11:14:04.468,7.78076,7.7817,1.00,1.00
2017.09.22 11:14:04.519,7.78071,7.7817,1.00,1.00
2017.09.22 11:14:05.019,7.78052,7.7817,1.00,1.00
2017.09.22 11:14:05.070,7.78036,7.78151,1.00,1.00
2017.09.22 11:14:05.375,7.78042,7.78131,1.00,1.00
2017.09.22 11:14:05.709,7.78045,7.78131,1.00,1.00
2017.09.22 11:14:06.232,7.78047,7.78131,1.00,1.00
2017.09.22 11:14:06.384,7.78048,7.78152,1.00,1.00
2017.09.22 11:14:06.536,7.78043,7.78152,1.00,1.00
2017.09.22 11:14:06.587,7.78047,7.78152,1.00,1.00
2017.09.22 11:14:07.147,7.78047,7.78139,1.00,1.00
2017.09.22 11:14:08.968,7.78026,7.78139,1.00,1.00
2017.09.22 11:14:09.070,7.78019,7.78139,1.00,1.00
2017.09.22 11:14:09.121,7.78021,7.78139,1.00,1.00
2017.09.22 11:14:09.426,7.78026,7.78126,1.00,1.00
2017.09.22 11:14:09.740,7.78032,7.78126,1.00,1.00
2017.09.22 11:14:10.152,7.78027,7.78126,1.00,1.00
2017.09.22 11:14:10.204,7.78013,7.78126,1.00,1.00
2017.09.22 11:14:10.255,7.78006,7.78112,1.00,1.00
2017.09.22 11:14:10.307,7.77999,7.78112,1.00,1.00
2017.09.22 11:14:10.358,7.78005,7.781,1.00,1.00
2017.09.22 11:14:10.957,7.78007,7.781,1.00,1.00
2017.09.22 11:14:11.160,7.78009,7.78119,1.00,1.00
2017.09.22 11:14:11.493,7.78014,7.78119,1.00,1.00
2017.09.22 11:14:11.844,7.78024,7.78119,1.00,1.00
2017.09.22 11:14:11.970,7.78011,7.78119,1.00,1.00
2017.09.22 11:14:12.286,7.78011,7.78106,1.00,1.00
2017.09.22 11:14:12.448,7.78007,7.78106,1.00,1.00
2017.09.22 11:14:13.410,7.7801,7.78106,1.00,1.00
2017.09.22 11:14:13.651,7.7801,7.78119,1.00,1.00
2017.09.22 11:14:14.656,7.78003,7.78119,1.00,1.00
2017.09.22 11:14:14.707,7.78011,7.78119,1.00,1.00
2017.09.22 11:14:15.032,7.78024,7.78119,1.00,1.00
2017.09.22 11:14:15.863,7.78013,7.78119,1.00,1.00
2017.09.22 11:14:16.067,7.78018,7.78119,1.00,1.00
2017.09.22 11:14:16.645,7.78026,7.78119,1.00,1.00
2017.09.22 11:14:17.187,7.78033,7.78119,1.00,1.00
2017.09.22 11:14:17.289,7.78036,7.78132,1.00,1.00
2017.09.22 11:14:18.746,7.7804,7.78132,1.00,1.00
2017.09.22 11:14:19.000,7.78135,7.78246,1.00,1.00
2017.09.22 11:14:19.743,7.78127,7.78246,1.00,1.00
2017.09.22 11:14:19.794,7.78126,7.78214,1.00,1.00
2017.09.22 11:14:19.896,7.78105,7.78214,1.00,1.00
2017.09.22 11:14:20.099,7.78107,7.78227,1.00,1.00
2017.09.22 11:14:20.150,7.78113,7.78228,1.00,1.00
2017.09.22 11:14:20.451,7.78117,7.78228,1.00,1.00
2017.09.22 11:14:20.502,7.78127,7.78239,1.00,1.00
2017.09.22 11:14:21.820,7.78127,7.78242,1.00,1.00
2017.09.22 11:14:22.011,7.78127,7.78247,1.00,1.00
2017.09.22 11:14:23.069,7.78126,7.78231,1.00,1.00
2017.09.22 11:14:23.120,7.78119,7.78231,1.00,1.00
2017.09.22 11:14:23.171,7.78116,7.78231,1.00,1.00
2017.09.22 11:14:23.835,7.78113,7.78228,1.00,1.00
2017.09.22 11:14:23.988,7.78101,7.78218,1.00,1.00
2017.09.22 11:14:24.512,7.781,7.78218,1.00,1.50
2017.09.22 11:14:25.151,7.781,7.78214,1.00,1.00
2017.09.22 11:14:25.303,7.78086,7.78206,1.50,1.00
2017.09.22 11:14:25.514,7.78086,7.78194,1.00,1.00
2017.09.22 11:14:25.616,7.78073,7.78187,1.00,1.00
2017.09.22 11:14:27.074,7.78073,7.78193,1.00,1.50
2017.09.22 11:14:27.126,7.78103,7.78193,1.00,1.00
2017.09.22 11:14:27.177,7.78102,7.78207,1.00,1.00
2017.09.22 11:14:27.278,7.78109,7.78227,1.00,1.25
2017.09.22 11:14:27.329,7.78114,7.78227,1.00,1.25
2017.09.22 11:14:27.584,7.78113,7.78231,1.00,1.00
2017.09.22 11:14:27.635,7.78114,7.78233,1.00,1.00
2017.09.22 11:14:27.768,7.78118,7.78233,1.00,1.00
2017.09.22 11:14:28.202,7.78123,7.78233,1.00,1.00
2017.09.22 11:14:28.659,7.78113,7.78233,1.00,1.00
2017.09.22 11:14:28.760,7.78126,7.78233,1.00,1.00
2017.09.22 11:14:28.961,7.78114,7.78233,1.00,1.00
2017.09.22 11:14:29.012,7.7812,7.78233,1.00,1.00
2017.09.22 11:14:29.317,7.78128,7.78233,1.00,1.00
2017.09.22 11:14:29.621,7.78133,7.78233,1.00,1.00
2017.09.22 11:14:29.813,7.78139,7.7825,1.00,1.19
2017.09.22 11:14:29.994,7.78145,7.7825,1.00,1.00
2017.09.22 11:14:30.096,7.7813,7.7825,1.00,1.00
2017.09.22 11:14:30.299,7.78143,7.78263,1.00,1.00
2017.09.22 11:14:31.880,7.78143,7.78261,1.00,1.00
2017.09.22 11:14:31.931,7.78143,7.78263,1.00,1.00
2017.09.22 11:14:34.465,7.78152,7.78263,1.00,1.00
2017.09.22 11:14:34.720,7.78208,7.78321,1.00,1.00
2017.09.22 11:14:34.880,7.78195,7.78313,1.00,1.00
2017.09.22 11:14:35.135,7.78195,7.78309,1.00,1.00
2017.09.22 11:14:35.237,7.78181,7.78301,1.00,1.00
2017.09.22 11:14:35.661,7.78181,7.78289,1.00,1.00
2017.09.22 11:14:35.712,7.78191,7.78301,1.00,1.00
2017.09.22 11:14:36.104,7.78182,7.78302,1.00,1.00
2017.09.22 11:14:36.333,7.78194,7.78302,1.00,1.00
2017.09.22 11:14:36.384,7.78188,7.78302,1.00,1.00
2017.09.22 11:14:36.606,7.78182,7.78302,1.00,1.00
2017.09.22 11:14:37.063,7.78188,7.78302,1.00,1.00
2017.09.22 11:14:37.580,7.78189,7.78302,1.00,1.00
2017.09.22 11:14:37.834,7.78182,7.78302,1.00,1.00
2017.09.22 11:14:47.392,7.78182,7.78293,1.00,1.00
2017.09.22 11:14:47.545,7.78156,7.78277,1.00,1.00
2017.09.22 11:14:47.648,7.78173,7.78288,1.00,1.00
2017.09.22 11:14:47.750,7.78173,7.78291,1.00,1.00
2017.09.22 11:14:49.065,7.78179,7.78291,1.00,1.00
2017.09.22 11:14:49.487,7.78175,7.78291,1.00,1.00
2017.09.22 11:14:52.363,7.78173,7.78291,1.00,1.00
2017.09.22 11:14:52.568,7.78192,7.78269,1.00,1.00
2017.09.22 11:14:52.619,7.78192,7.78281,1.00,1.00
2017.09.22 11:14:52.670,7.78166,7.78273,1.00,1.00
2017.09.22 11:14:52.777,7.78146,7.78266,1.50,1.00
2017.09.22 11:14:52.879,7.78133,7.78253,1.00,1.00
2017.09.22 11:14:53.700,7.78137,7.78253,1.00,1.00
2017.09.22 11:14:54.002,7.7817,7.78272,1.00,1.00
2017.09.22 11:14:54.307,7.7817,7.78279,1.00,1.00
2017.09.22 11:14:55.501,7.7817,7.78285,1.00,1.00
2017.09.22 11:14:55.552,7.7817,7.7829,1.00,1.00
2017.09.22 11:14:55.755,7.78174,7.7829,1.00,1.00
2017.09.22 11:14:55.857,7.78195,7.78315,1.00,1.00
2017.09.22 11:14:56.579,7.78181,7.78301,1.00,1.00
2017.09.22 11:14:57.109,7.78184,7.78301,1.00,1.00
2017.09.22 11:14:57.515,7.78181,7.78298,1.00,1.00
2017.09.22 11:15:01.826,7.78181,7.7828,1.00,1.00
2017.09.22 11:15:01.876,7.78167,7.78281,1.00,1.00
2017.09.22 11:15:01.978,7.78162,7.78268,1.00,1.00
2017.09.22 11:15:02.283,7.78191,7.78294,1.00,1.00
2017.09.22 11:15:02.585,7.78193,7.78313,1.00,1.50
2017.09.22 11:15:02.687,7.78191,7.783,1.00,1.00
2017.09.22 11:15:06.781,7.78193,7.783,1.00,1.00
2017.09.22 11:15:07.425,7.78193,7.78313,1.50,1.50
2017.09.22 11:15:09.122,7.78201,7.78313,1.00,1.00
2017.09.22 11:15:09.427,7.78207,7.78313,1.00,1.00
2017.09.22 11:15:11.768,7.78211,7.78313,1.00,1.00
2017.09.22 11:15:11.819,7.78207,7.78313,1.00,1.00
2017.09.22 11:15:11.921,7.78201,7.78313,1.00,1.00
2017.09.22 11:15:12.110,7.78208,7.78328,1.00,1.00
2017.09.22 11:15:12.783,7.78212,7.78328,1.00,1.00
2017.09.22 11:15:13.231,7.7825,7.78365,1.00,1.00
2017.09.22 11:15:14.312,7.7825,7.7837,1.00,1.50
2017.09.22 11:15:15.481,7.78252,7.7837,1.00,1.00
2017.09.22 11:15:15.839,7.78303,7.7837,1.00,1.00
2017.09.22 11:15:16.042,7.78375,7.78476,1.00,1.00
2017.09.22 11:15:16.093,7.78395,7.78476,1.00,1.00
2017.09.22 11:15:16.297,7.78414,7.78496,1.00,1.00
2017.09.22 11:15:16.348,7.78425,7.78503,1.00,1.00
2017.09.22 11:15:16.399,7.78433,7.78524,1.00,1.00
2017.09.22 11:15:16.450,7.78433,7.7853,1.00,1.00
2017.09.22 11:15:16.610,7.78433,7.78547,1.00,1.00
2017.09.22 11:15:16.762,7.78427,7.78547,1.00,1.50
2017.09.22 11:15:16.813,7.78435,7.78547,1.00,1.00
2017.09.22 11:15:18.750,7.78427,7.78541,1.00,1.00
2017.09.22 11:15:18.801,7.7843,7.78547,1.00,1.00
2017.09.22 11:15:21.404,7.78427,7.78546,1.00,1.00
2017.09.22 11:15:21.455,7.78437,7.78547,1.00,1.00
2017.09.22 11:15:21.828,7.7844,7.78547,1.00,1.00
2017.09.22 11:15:21.888,7.7844,7.7856,1.50,1.00
2017.09.22 11:15:22.095,7.78444,7.7856,1.00,1.00
2017.09.22 11:15:22.482,7.7838,7.78484,1.00,1.00
2017.09.22 11:15:22.533,7.78359,7.78467,1.00,1.00
2017.09.22 11:15:22.584,7.78352,7.78467,1.00,1.00
2017.09.22 11:15:23.258,7.78349,7.78467,1.00,1.00
2017.09.22 11:15:23.309,7.78352,7.78467,1.00,1.00
