2010.01.10 22:00:01.766,5.65063,5.65623,4.00,1.60
2010.01.10 22:00:10.469,5.64823,5.65538,1.60,1.60
2010.01.10 22:00:12.694,5.64907,5.65457,4.00,1.60
2010.01.10 22:00:25.323,5.65122,5.65662,1.60,1.60
2010.01.10 22:00:40.390,5.65237,5.65807,5.60,2.40
2010.01.10 22:00:54.145,5.65232,5.65772,4.00,1.40
2010.01.10 22:00:56.935,5.65218,5.65748,1.60,1.60
2010.01.10 22:00:57.285,5.65215,5.65755,1.60,1.40
2010.01.10 22:01:44.936,5.6549,5.6632,1.00,1.00
2010.01.10 22:01:45.216,5.6547,5.663,1.00,1.00
2010.01.10 22:02:00.492,5.6549,5.6632,1.00,1.00
2010.01.10 22:02:28.245,5.6553,5.6636,1.00,1.00
2010.01.10 22:02:30.945,5.6555,5.6638,1.00,1.00
2010.01.10 22:02:33.094,5.6553,5.6636,1.00,1.00
2010.01.10 22:02:35.734,5.6555,5.6638,1.00,1.00
2010.01.10 22:02:38.933,5.6555,5.6638,1.00,2.40
2010.01.10 22:02:39.173,5.6553,5.6636,1.00,1.00
2010.01.10 22:02:43.062,5.6555,5.6638,1.00,1.00
2010.01.10 22:02:49.840,5.6553,5.6636,1.00,1.00
2010.01.10 22:03:19.183,5.6555,5.6638,1.00,1.00
2010.01.10 22:03:55.654,5.6561,5.6638,1.60,1.00
2010.01.10 22:04:28.026,5.6563,5.664,1.60,1.00
2010.01.10 22:04:29.636,5.6563,5.6642,1.60,1.00
2010.01.10 22:04:30.026,5.6568,5.6647,1.60,1.00
2010.01.10 22:04:30.316,5.6569,5.6651,1.60,1.00
2010.01.10 22:04:30.666,5.6569,5.6672,1.60,1.60
2010.01.10 22:04:37.214,5.6564,5.6646,1.60,1.00
2010.01.10 22:04:43.233,5.6568,5.6647,1.60,1.00
2010.01.10 22:04:43.683,5.6569,5.6654,1.60,1.00
2010.01.10 22:04:43.923,5.6569,5.6672,1.60,1.60
2010.01.10 22:04:44.622,5.6564,5.6657,1.60,1.60
2010.01.10 22:04:44.792,5.6564,5.6644,1.60,1.00
2010.01.10 22:05:01.769,5.6566,5.6642,1.60,1.00
2010.01.10 22:05:42.928,5.6569,5.6651,1.60,1.00
2010.01.10 22:05:47.258,5.6564,5.6642,1.60,1.00
2010.01.10 22:05:48.357,5.6564,5.6642,1.60,1.00
2010.01.10 22:06:07.273,5.6568,5.6642,1.60,1.00
2010.01.10 22:06:10.562,5.6572,5.6651,1.60,1.00
2010.01.10 22:06:12.051,5.6572,5.665,1.60,1.00
2010.01.10 22:06:17.220,5.6568,5.6643,1.60,1.00
2010.01.10 22:06:36.476,5.6572,5.665,1.60,1.00
2010.01.10 22:06:50.552,5.657,5.6647,1.60,1.00
2010.01.10 22:06:50.892,5.657,5.6645,1.60,1.00
2010.01.10 22:07:03.799,5.6568,5.6643,1.60,1.00
2010.01.10 22:07:09.358,5.6566,5.6641,1.60,1.00
2010.01.10 22:07:12.137,5.6567,5.6641,1.60,1.00
2010.01.10 22:07:12.307,5.6565,5.6639,1.60,1.00
2010.01.10 22:07:15.916,5.6566,5.6639,1.60,1.00
2010.01.10 22:07:22.765,5.6566,5.6641,1.60,1.00
2010.01.10 22:07:22.885,5.6568,5.6641,1.60,1.00
2010.01.10 22:08:20.580,5.657,5.6641,1.60,1.00
2010.01.10 22:09:26.645,5.6571,5.6643,1.60,1.00
2010.01.10 22:09:41.151,5.6572,5.6643,1.60,1.00
2010.01.10 22:09:41.271,5.6572,5.6647,1.60,1.00
2010.01.10 22:10:08.984,5.6572,5.6646,1.60,1.00
2010.01.10 22:10:12.503,5.6572,5.6647,1.60,1.00
2010.01.10 22:10:17.142,5.6572,5.6646,1.60,1.00
2010.01.10 22:11:54.638,5.65297,5.65857,1.60,1.60
2010.01.10 22:11:56.317,5.65169,5.65709,1.60,1.60
2010.01.10 22:11:56.647,5.65081,5.65641,1.60,1.60
2010.01.10 22:12:44.747,5.6572,5.6644,1.60,1.00
2010.01.10 22:12:44.917,5.657,5.6642,1.60,1.00
2010.01.10 22:12:53.395,5.657,5.6643,1.60,1.00
2010.01.10 22:13:01.924,5.6522,5.6576,1.60,1.60
2010.01.10 22:13:06.722,5.65058,5.65598,1.60,1.60
2010.01.10 22:13:15.631,5.65,5.6554,1.60,1.60
2010.01.10 22:13:17.440,5.65125,5.65665,1.60,1.60
2010.01.10 22:13:23.269,5.65254,5.65794,1.60,1.60
2010.01.10 22:13:38.905,5.65304,5.65834,1.60,1.60
2010.01.10 22:13:50.922,5.65317,5.65847,1.60,1.60
2010.01.10 22:14:03.158,5.6568,5.664,1.60,1.00
2010.01.10 22:14:38.610,5.6566,5.66365,1.60,1.00
2010.01.10 22:14:59.065,5.6564,5.66325,1.60,1.00
2010.01.10 22:15:00.474,5.6564,5.66365,1.60,1.00
2010.01.10 22:15:00.644,5.6566,5.66365,1.60,1.00
2010.01.10 22:15:08.182,5.6568,5.66365,1.60,1.00
2010.01.10 22:15:08.302,5.6568,5.66405,1.60,1.00
2010.01.10 22:15:25.532,5.6571,5.6653,1.60,1.00
2010.01.10 22:15:31.600,5.6571,5.6647,1.60,1.00
2010.01.10 22:16:02.063,5.6571,5.6662,1.60,1.00
2010.01.10 22:16:03.403,5.6575,5.666,1.60,1.00
2010.01.10 22:16:26.678,5.6575,5.6649,1.60,1.00
2010.01.10 22:16:26.737,5.6574,5.6649,1.60,1.00
2010.01.10 22:16:33.766,5.6575,5.6662,1.60,1.00
2010.01.10 22:16:50.492,5.6574,5.6649,1.60,1.00
2010.01.10 22:17:05.218,5.6573,5.6647,1.60,1.00
2010.01.10 22:17:55.986,5.6574,5.6648,1.00,1.00
2010.01.10 22:17:56.227,5.6573,5.6647,1.60,1.00
2010.01.10 22:18:35.186,5.6575,5.6647,1.60,1.00
2010.01.10 22:18:35.306,5.6575,5.6648,1.60,1.00
2010.01.10 22:18:37.386,5.6577,5.6648,1.60,1.00
2010.01.10 22:18:50.992,5.6578,5.66445,1.60,1.00
2010.01.10 22:18:55.431,5.6584,5.66445,1.60,1.00
2010.01.10 22:18:55.771,5.6585,5.66585,1.60,1.00
2010.01.10 22:18:57.501,5.6587,5.66565,1.60,1.00
2010.01.10 22:18:58.691,5.65885,5.66565,1.00,1.00
2010.01.10 22:18:58.801,5.6589,5.66565,1.60,1.00
2010.01.10 22:19:03.181,5.65605,5.66165,1.60,1.60
2010.01.10 22:19:08.149,5.656,5.6616,1.60,1.60
2010.01.10 22:19:08.379,5.65593,5.66153,1.60,1.60
2010.01.10 22:19:13.388,5.65586,5.66146,1.60,1.60
2010.01.10 22:19:20.386,5.65582,5.66142,1.60,1.60
2010.01.10 22:19:20.606,5.65584,5.66144,1.60,1.60
2010.01.10 22:19:21.226,5.6559,5.6615,1.60,1.60
2010.01.10 22:19:34.323,5.6559,5.6615,1.60,1.60
2010.01.10 22:19:35.673,5.65586,5.66156,1.60,1.60
2010.01.10 22:19:35.963,5.65592,5.66152,1.60,1.60
2010.01.10 22:19:39.751,5.65588,5.66158,1.60,1.60
2010.01.10 22:19:41.281,5.65592,5.66152,1.60,1.60
2010.01.10 22:19:41.911,5.65593,5.66153,1.60,1.60
2010.01.10 22:19:42.251,5.65591,5.66151,1.60,1.60
2010.01.10 22:19:42.881,5.65585,5.66145,3.20,1.60
2010.01.10 22:19:43.051,5.65579,5.66139,1.60,1.60
2010.01.10 22:20:11.953,5.6589,5.6684,1.60,1.00
2010.01.10 22:20:19.621,5.6589,5.66665,1.60,1.00
2010.01.10 22:20:19.791,5.6589,5.6665,1.60,1.00
2010.01.10 22:20:28.449,5.6585,5.66565,1.60,1.00
2010.01.10 22:20:56.382,5.6586,5.66565,1.60,1.00
2010.01.10 22:21:21.046,5.6584,5.66565,1.60,1.00
2010.01.10 22:21:21.276,5.6584,5.6656,1.60,1.00
2010.01.10 22:21:21.396,5.6586,5.66565,1.60,1.00
2010.01.10 22:22:14.353,5.6587,5.6657,1.60,1.00
2010.01.10 22:22:14.593,5.6587,5.666,1.60,1.00
2010.01.10 22:22:22.222,5.6585,5.666,1.60,1.00
2010.01.10 22:22:22.681,5.6585,5.6659,1.60,1.00
2010.01.10 22:22:23.021,5.6587,5.6659,1.60,1.00
2010.01.10 22:22:23.371,5.6585,5.6659,1.60,1.00
2010.01.10 22:22:42.337,5.6585,5.666,1.60,1.60
2010.01.10 22:23:18.168,5.6589,5.666,1.60,1.00
2010.01.10 22:23:18.458,5.6589,5.666,1.60,1.60
2010.01.10 22:23:19.068,5.6589,5.666,1.60,1.00
2010.01.10 22:23:20.008,5.6586,5.666,1.00,1.00
2010.01.10 22:23:20.238,5.6585,5.666,1.60,1.60
2010.01.10 22:23:22.267,5.6583,5.6656,1.60,1.00
2010.01.10 22:23:58.009,5.6584,5.6656,1.60,1.00
2010.01.10 22:24:20.413,5.6582,5.6656,2.40,1.00
2010.01.10 22:24:23.672,5.6584,5.6656,1.60,1.00
2010.01.10 22:24:40.258,5.6586,5.6656,1.60,1.00
2010.01.10 22:24:40.368,5.6586,5.6659,1.60,1.00
2010.01.10 22:25:22.708,5.6586,5.6657,1.60,1.00
2010.01.10 22:25:22.878,5.6584,5.6656,1.60,1.00
2010.01.10 22:26:53.366,5.658,5.6652,1.60,1.00
2010.01.10 22:26:59.885,5.6581,5.6652,1.60,1.00
2010.01.10 22:27:23.769,5.6583,5.6652,1.60,1.00
2010.01.10 22:28:03.899,5.6585,5.6652,1.60,1.00
2010.01.10 22:28:07.259,5.6583,5.6652,1.60,1.00
2010.01.10 22:28:07.379,5.6581,5.6648,1.60,1.00
2010.01.10 22:28:11.398,5.6583,5.6652,1.60,1.00
2010.01.10 22:28:16.707,5.6582,5.6652,1.60,1.00
2010.01.10 22:28:20.705,5.65805,5.6648,1.00,1.00
2010.01.10 22:28:29.293,5.6582,5.6652,1.60,1.00
2010.01.10 22:28:42.620,5.6584,5.6656,1.60,1.00
2010.01.10 22:29:04.815,5.6582,5.6655,1.60,1.00
2010.01.10 22:29:08.214,5.6583,5.6656,1.00,1.00
2010.01.10 22:29:08.733,5.6584,5.6656,1.60,1.00
2010.01.10 22:29:39.056,5.6586,5.6659,1.60,1.00
2010.01.10 22:29:46.874,5.6586,5.6652,1.60,1.00
2010.01.10 22:29:47.154,5.6582,5.6652,1.60,1.00
2010.01.10 22:29:47.394,5.6584,5.6652,1.00,1.00
2010.01.10 22:29:50.683,5.6586,5.6659,1.60,1.00
2010.01.10 22:29:50.854,5.6589,5.666,1.00,1.00
2010.01.10 22:29:50.963,5.659,5.666,1.60,1.00
2010.01.10 22:29:54.962,5.6592,5.6664,1.60,1.00
2010.01.10 22:30:05.240,5.6593,5.6664,1.60,1.00
2010.01.10 22:30:06.630,5.6596,5.6664,1.00,1.00
2010.01.10 22:30:06.920,5.6597,5.6664,1.60,1.00
2010.01.10 22:30:09.299,5.6599,5.6668,1.60,1.00
2010.01.10 22:30:09.929,5.6601,5.6668,1.60,1.00
2010.01.10 22:30:14.248,5.6606,5.66755,1.60,1.00
2010.01.10 22:30:18.717,5.6604,5.66755,1.60,1.00
2010.01.10 22:30:22.666,5.6606,5.66755,1.60,1.00
2010.01.10 22:30:26.205,5.66,5.6668,2.40,1.00
2010.01.10 22:30:29.094,5.6604,5.66715,2.40,1.00
2010.01.10 22:30:31.524,5.6604,5.66715,1.60,1.00
2010.01.10 22:30:31.704,5.6602,5.66715,1.60,1.00
2010.01.10 22:30:32.104,5.66,5.6668,2.40,1.00
2010.01.10 22:30:35.873,5.6604,5.6673,1.60,1.00
2010.01.10 22:30:36.043,5.6604,5.66755,1.60,1.00
2010.01.10 22:30:40.542,5.66,5.6668,2.40,1.00
2010.01.10 22:30:44.371,5.66045,5.66755,1.60,1.00
2010.01.10 22:30:44.610,5.6606,5.66755,1.60,1.00
2010.01.10 22:30:53.818,5.6608,5.66795,1.60,1.00
2010.01.10 22:31:32.369,5.6606,5.66755,1.60,1.00
2010.01.10 22:31:36.188,5.6606,5.6679,1.60,1.00
2010.01.10 22:31:36.238,5.6608,5.66795,1.60,1.00
2010.01.10 22:31:36.298,5.66115,5.66795,1.00,1.00
2010.01.10 22:31:36.349,5.6612,5.66795,1.60,1.00
2010.01.10 22:31:42.047,5.66115,5.66795,1.00,1.00
2010.01.10 22:31:42.427,5.6608,5.66795,1.60,1.00
2010.01.10 22:31:45.506,5.6607,5.66795,1.00,1.00
2010.01.10 22:31:54.304,5.6605,5.66755,1.00,1.00
2010.01.10 22:32:29.005,5.6608,5.6683,2.40,1.00
2010.01.10 22:32:29.745,5.66155,5.66835,1.00,1.00
2010.01.10 22:32:37.833,5.662,5.66835,1.60,1.00
2010.01.10 22:32:38.053,5.662,5.6697,2.40,1.00
2010.01.10 22:32:38.283,5.662,5.66975,2.40,1.00
2010.01.10 22:32:39.923,5.662,5.6695,2.40,1.00
2010.01.10 22:32:41.372,5.662,5.6694,1.60,1.00
2010.01.10 22:32:46.412,5.6618,5.66915,2.40,1.00
2010.01.10 22:32:47.671,5.6619,5.66915,1.60,1.00
2010.01.10 22:32:55.059,5.6619,5.66875,1.60,1.00
2010.01.10 22:32:55.239,5.6617,5.66875,1.60,1.00
2010.01.10 22:32:55.359,5.6618,5.66875,1.00,1.00
2010.01.10 22:32:57.579,5.6619,5.66875,1.60,1.00
2010.01.10 22:32:57.798,5.6619,5.66915,1.60,1.00
2010.01.10 22:32:59.478,5.6618,5.66915,1.00,1.00
2010.01.10 22:32:59.838,5.6617,5.66875,1.60,1.00
2010.01.10 22:33:00.308,5.6618,5.66875,1.00,1.00
2010.01.10 22:33:02.267,5.66155,5.66875,1.00,1.00
2010.01.10 22:33:02.447,5.6613,5.66875,1.60,1.00
2010.01.10 22:33:02.777,5.6617,5.66835,1.60,1.00
2010.01.10 22:33:03.067,5.66155,5.66835,1.00,1.00
2010.01.10 22:33:17.204,5.6612,5.66835,2.40,1.00
2010.01.10 22:33:24.143,5.661,5.66835,2.40,1.00
2010.01.10 22:34:56.690,5.6613,5.66835,1.60,1.00
2010.01.10 22:34:56.910,5.66215,5.669,1.00,1.00
2010.01.10 22:34:57.080,5.66215,5.66915,1.00,1.00
2010.01.10 22:35:00.579,5.6622,5.66915,2.40,1.00
2010.01.10 22:35:00.739,5.6622,5.66915,1.60,1.00
2010.01.10 22:35:00.919,5.6622,5.66875,1.60,1.00
2010.01.10 22:35:01.139,5.6616,5.66875,2.40,1.00
2010.01.10 22:35:13.616,5.6618,5.66875,1.60,1.00
2010.01.10 22:35:14.066,5.6618,5.66915,2.40,1.00
2010.01.10 22:35:18.905,5.662,5.66915,1.60,1.00
2010.01.10 22:35:28.222,5.66195,5.66915,1.00,1.00
2010.01.10 22:35:28.392,5.66195,5.66875,1.00,1.00
2010.01.10 22:35:39.759,5.662,5.66915,2.40,1.00
2010.01.10 22:35:41.169,5.662,5.66875,1.60,1.00
2010.01.10 22:35:41.229,5.66195,5.66875,1.00,1.00
2010.01.10 22:35:42.609,5.662,5.66875,1.60,1.00
2010.01.10 22:35:42.909,5.6621,5.6695,1.00,1.00
2010.01.10 22:35:43.119,5.6622,5.6695,1.60,1.00
2010.01.10 22:35:43.469,5.6623,5.66955,1.00,1.00
2010.01.10 22:35:44.118,5.662,5.66955,1.60,1.00
2010.01.10 22:35:45.448,5.662,5.6694,1.60,1.00
2010.01.10 22:35:46.028,5.662,5.66955,1.60,1.00
2010.01.10 22:35:54.996,5.6621,5.6697,1.60,1.00
2010.01.10 22:35:55.286,5.6625,5.6705,1.60,1.00
2010.01.10 22:35:56.166,5.6623,5.6705,2.40,1.00
2010.01.10 22:35:56.506,5.6623,5.6699,2.40,1.00
2010.01.10 22:36:04.484,5.6623,5.6698,2.40,1.00
2010.01.10 22:36:05.903,5.6623,5.66955,1.00,1.00
2010.01.10 22:36:06.013,5.6622,5.6695,1.60,1.00
2010.01.10 22:36:06.363,5.6623,5.66955,1.00,1.00
2010.01.10 22:36:09.822,5.6622,5.6695,1.60,1.00
2010.01.10 22:36:10.162,5.6623,5.66955,1.00,1.00
2010.01.10 22:36:18.800,5.6622,5.66915,1.60,1.00
2010.01.10 22:36:18.970,5.662,5.66915,1.60,1.00
2010.01.10 22:36:42.534,5.6618,5.66915,2.40,1.00
2010.01.10 22:36:49.213,5.662,5.66915,1.60,1.00
2010.01.10 22:37:05.519,5.6618,5.66915,2.40,1.00
2010.01.10 22:37:12.637,5.662,5.66915,1.60,1.00
2010.01.10 22:37:17.276,5.66235,5.66915,1.00,1.00
2010.01.10 22:37:19.985,5.662,5.66915,1.60,1.00
2010.01.10 22:37:25.824,5.6622,5.66915,1.60,1.00
2010.01.10 22:37:26.164,5.66235,5.66915,1.00,1.00
2010.01.10 22:37:32.612,5.662,5.66915,1.60,1.00
2010.01.10 22:37:49.208,5.66235,5.66915,1.00,1.00
2010.01.10 22:38:05.144,5.662,5.66915,1.60,1.00
2010.01.10 22:38:33.638,5.662,5.66835,1.60,1.00
2010.01.10 22:38:33.808,5.66155,5.66835,1.00,1.00
2010.01.10 22:38:36.897,5.6618,5.66835,2.40,1.00
2010.01.10 22:38:37.007,5.6618,5.66915,2.40,1.00
2010.01.10 22:38:37.117,5.662,5.66915,1.60,1.00
2010.01.10 22:38:38.786,5.6618,5.66915,2.40,1.00
2010.01.10 22:38:49.454,5.6616,5.669,2.40,1.00
2010.01.10 22:38:49.804,5.6618,5.66915,2.40,1.00
2010.01.10 22:38:52.003,5.6618,5.66875,1.00,1.00
2010.01.10 22:38:52.123,5.6616,5.66875,2.40,1.00
2010.01.10 22:38:52.833,5.6618,5.66875,1.60,1.00
2010.01.10 22:38:53.003,5.6618,5.66915,2.40,1.00
2010.01.10 22:39:01.001,5.6618,5.669,1.60,1.00
2010.01.10 22:39:01.121,5.6614,5.669,3.10,1.00
2010.01.10 22:39:01.241,5.6614,5.669,1.60,1.00
2010.01.10 22:39:02.771,5.6612,5.66835,1.60,1.00
2010.01.10 22:39:03.070,5.6612,5.66835,2.40,1.00
2010.01.10 22:39:03.341,5.6615,5.66835,1.00,1.00
2010.01.10 22:39:04.850,5.6615,5.669,1.00,1.00
2010.01.10 22:39:05.190,5.6616,5.669,1.60,1.00
2010.01.10 22:39:06.690,5.6614,5.669,1.60,1.00
2010.01.10 22:39:11.568,5.6608,5.66815,3.20,1.00
2010.01.10 22:39:11.738,5.66115,5.6684,1.00,1.00
2010.01.10 22:39:11.899,5.6616,5.6692,1.60,1.00
2010.01.10 22:39:13.398,5.6618,5.66915,2.40,1.00
2010.01.10 22:39:22.176,5.6618,5.669,1.60,1.00
2010.01.10 22:39:22.476,5.6618,5.66875,1.00,1.00
2010.01.10 22:39:37.712,5.6616,5.66875,2.40,1.00
2010.01.10 22:39:37.832,5.6618,5.66875,1.00,1.00
2010.01.10 22:39:48.360,5.6616,5.66875,2.40,1.00
2010.01.10 22:39:48.819,5.6618,5.66875,1.00,1.00
2010.01.10 22:39:53.559,5.6615,5.66875,1.00,1.00
2010.01.10 22:40:04.256,5.6616,5.669,1.60,1.00
2010.01.10 22:40:24.261,5.6618,5.669,1.60,1.00
2010.01.10 22:40:24.321,5.6618,5.6697,1.60,1.00
2010.01.10 22:40:29.440,5.6618,5.66955,1.60,1.00
2010.01.10 22:40:29.790,5.6618,5.6694,1.60,1.00
2010.01.10 22:40:56.333,5.6616,5.6685,1.00,1.00
2010.01.10 22:40:56.563,5.6612,5.6685,1.60,1.00
2010.01.10 22:40:58.113,5.6612,5.6685,2.40,1.00
2010.01.10 22:41:00.942,5.6612,5.6689,2.40,1.00
2010.01.10 22:41:04.931,5.66115,5.6681,1.00,1.00
2010.01.10 22:41:07.221,5.66155,5.6681,1.00,1.00
2010.01.10 22:41:07.450,5.6616,5.6685,1.60,1.00
2010.01.10 22:41:07.571,5.66155,5.6689,4.00,1.00
2010.01.10 22:41:15.089,5.6616,5.6681,2.40,1.00
2010.01.10 22:41:15.429,5.6616,5.6681,1.00,1.00
2010.01.10 22:41:17.119,5.6616,5.6689,2.40,1.00
2010.01.10 22:41:18.688,5.6616,5.6689,1.00,1.00
2010.01.10 22:41:18.748,5.6612,5.6689,2.40,1.00
2010.01.10 22:41:21.168,5.6612,5.6685,2.40,1.00
2010.01.10 22:41:22.567,5.66155,5.6685,1.00,1.00
2010.01.10 22:41:22.917,5.6616,5.6685,1.00,1.00
2010.01.10 22:41:42.213,5.6618,5.6685,1.00,1.00
2010.01.10 22:41:42.272,5.66195,5.6685,1.00,1.00
2010.01.10 22:42:59.094,5.66215,5.66865,1.00,1.00
2010.01.10 22:43:01.473,5.6621,5.6685,1.00,1.00
2010.01.10 22:43:01.643,5.66195,5.6685,1.00,1.00
2010.01.10 22:43:10.251,5.66215,5.66865,1.00,1.00
2010.01.10 22:43:27.357,5.6621,5.6685,1.00,1.00
2010.01.10 22:43:27.477,5.66195,5.6685,1.00,1.00
2010.01.10 22:43:28.636,5.66175,5.66825,1.00,1.00
2010.01.10 22:43:52.661,5.6617,5.6685,1.60,1.00
2010.01.10 22:43:53.061,5.6616,5.6681,1.00,1.00
2010.01.10 22:43:53.571,5.66195,5.6684,1.00,1.00
2010.01.10 22:43:53.740,5.66195,5.6685,1.00,1.00
2010.01.10 22:44:29.522,5.66215,5.66865,1.00,1.00
2010.01.10 22:44:39.149,5.66195,5.6685,1.00,1.00
2010.01.10 22:44:55.226,5.66215,5.66865,1.00,1.00
2010.01.10 22:45:15.341,5.662,5.66845,1.60,1.00
2010.01.10 22:45:15.681,5.66195,5.66845,1.00,1.00
2010.01.10 22:45:21.070,5.66215,5.66865,1.00,1.00
2010.01.10 22:45:28.438,5.66195,5.66845,1.00,1.00
2010.01.10 22:45:31.547,5.66215,5.66865,1.00,1.00
2010.01.10 22:45:34.946,5.66215,5.6684,1.00,1.00
2010.01.10 22:45:35.066,5.6616,5.6681,1.00,1.00
2010.01.10 22:45:35.596,5.66195,5.6684,1.00,1.00
2010.01.10 22:45:35.876,5.66195,5.6685,1.00,1.00
2010.01.10 22:45:41.734,5.66215,5.66865,1.00,1.00
2010.01.10 22:45:43.914,5.662,5.6685,1.60,1.00
2010.01.10 22:45:44.094,5.66195,5.6685,1.00,1.00
2010.01.10 22:45:44.494,5.66195,5.6684,1.00,1.00
2010.01.10 22:45:44.544,5.6616,5.6681,1.00,1.00
2010.01.10 22:45:45.304,5.66195,5.6685,1.00,1.00
2010.01.10 22:45:45.983,5.66215,5.66865,1.00,1.00
2010.01.10 22:46:01.530,5.66235,5.66885,1.00,1.00
2010.01.10 22:46:07.638,5.66215,5.66865,1.00,1.00
2010.01.10 22:46:12.897,5.6622,5.66865,1.60,1.00
2010.01.10 22:46:13.067,5.66235,5.6689,1.00,1.00
2010.01.10 22:46:13.427,5.6626,5.6689,1.60,1.00
2010.01.10 22:46:14.057,5.66235,5.6689,1.00,1.00
2010.01.10 22:46:17.676,5.66255,5.66905,1.00,1.00
2010.01.10 22:46:21.595,5.66235,5.66885,1.00,1.00
2010.01.10 22:46:26.264,5.66275,5.66925,1.00,1.00
2010.01.10 22:46:26.594,5.66235,5.66885,1.00,1.00
2010.01.10 22:46:33.702,5.66275,5.66925,1.00,1.00
2010.01.10 22:46:51.248,5.66255,5.66905,1.00,1.00
2010.01.10 22:46:54.117,5.66275,5.66925,1.00,1.00
2010.01.10 22:47:06.244,5.66255,5.66905,1.00,1.00
2010.01.10 22:47:14.782,5.66275,5.6693,1.00,1.00
2010.01.10 22:47:15.002,5.6629,5.6693,1.00,1.00
2010.01.10 22:47:15.392,5.66315,5.66965,1.00,1.00
2010.01.10 22:47:26.599,5.66295,5.66945,1.00,1.00
2010.01.10 22:47:56.392,5.66315,5.66965,1.00,1.00
2010.01.10 22:47:58.921,5.6631,5.66965,1.00,1.00
2010.01.10 22:47:59.092,5.66335,5.66985,1.00,1.00
2010.01.10 22:48:03.571,5.66315,5.66965,1.00,1.00
2010.01.10 22:48:06.530,5.66275,5.6693,1.00,1.00
2010.01.10 22:48:07.479,5.66275,5.66965,1.00,1.00
2010.01.10 22:48:16.867,5.66275,5.6693,1.00,1.00
2010.01.10 22:48:26.805,5.66255,5.66905,1.00,1.00
2010.01.10 22:48:27.025,5.6627,5.66905,1.00,1.00
2010.01.10 22:48:32.773,5.66275,5.66925,1.00,1.00
2010.01.10 22:48:32.953,5.6629,5.66925,1.00,1.00
2010.01.10 22:48:58.067,5.6629,5.66905,1.00,1.00
2010.01.10 22:48:58.237,5.6627,5.66905,1.00,1.00
2010.01.10 22:49:03.166,5.6626,5.66905,1.00,1.00
2010.01.10 22:49:05.065,5.66255,5.66905,1.00,1.00
2010.01.10 22:49:05.176,5.6626,5.66905,1.00,1.00
2010.01.10 22:49:07.565,5.6626,5.66905,2.40,1.00
2010.01.10 22:49:07.675,5.66275,5.66965,1.00,1.00
2010.01.10 22:49:42.604,5.66275,5.6693,1.00,1.00
2010.01.10 22:50:05.139,5.66255,5.66905,1.00,1.00
2010.01.10 22:50:20.935,5.66195,5.6689,1.00,1.00
2010.01.10 22:50:24.294,5.66235,5.6689,1.00,1.00
2010.01.10 22:50:33.422,5.66215,5.66865,1.00,1.00
2010.01.10 22:50:33.652,5.66195,5.6685,1.00,1.00
2010.01.10 22:50:36.561,5.66215,5.66865,1.00,1.00
2010.01.10 22:50:37.711,5.66235,5.66885,1.00,1.00
2010.01.10 22:50:39.760,5.66255,5.66905,1.00,1.00
2010.01.10 22:50:40.630,5.66235,5.6689,1.00,1.00
2010.01.10 22:50:43.609,5.66255,5.66905,1.00,1.00
2010.01.10 22:51:00.752,5.66007,5.66557,1.60,1.60
2010.01.10 22:51:01.622,5.6601,5.6658,1.60,1.60
2010.01.10 22:51:13.189,5.66033,5.66583,1.60,1.60
2010.01.10 22:51:13.929,5.66062,5.66612,1.60,1.60
2010.01.10 22:51:15.218,5.661,5.6665,1.60,1.60
2010.01.10 22:51:15.669,5.66115,5.66665,1.60,1.60
2010.01.10 22:51:18.998,5.66104,5.66654,1.60,1.60
2010.01.10 22:51:19.337,5.66106,5.66656,1.60,1.60
2010.01.10 22:51:19.448,5.66108,5.66678,1.60,1.60
2010.01.10 22:51:20.146,5.66107,5.66677,1.60,1.60
2010.01.10 22:51:30.005,5.66122,5.66672,1.60,1.60
2010.01.10 22:51:32.764,5.66141,5.66691,1.60,2.40
2010.01.10 22:51:33.004,5.66167,5.66707,1.60,1.60
2010.01.10 22:51:39.033,5.66187,5.66727,1.60,1.60
2010.01.10 22:51:48.451,5.66182,5.66752,1.60,1.60
2010.01.10 22:51:48.801,5.66149,5.66759,1.60,1.60
2010.01.10 22:51:49.151,5.66164,5.66704,1.60,1.60
2010.01.10 22:51:50.190,5.66138,5.66698,1.60,1.60
2010.01.10 22:51:50.530,5.66151,5.66691,1.60,1.60
2010.01.10 22:51:54.489,5.66144,5.66704,1.60,1.60
2010.01.10 22:51:54.949,5.66134,5.66704,1.60,1.60
2010.01.10 22:51:55.459,5.66135,5.66685,1.60,1.60
2010.01.10 22:51:56.109,5.66128,5.66678,1.60,1.60
2010.01.10 22:51:57.489,5.66123,5.66673,1.60,1.60
2010.01.10 22:52:02.660,5.66235,5.6689,1.00,1.00
2010.01.10 22:52:07.459,5.66255,5.66905,1.00,1.00
2010.01.10 22:52:07.869,5.66275,5.66925,1.00,1.00
2010.01.10 22:52:19.246,5.66295,5.66945,1.00,1.00
2010.01.10 22:52:33.453,5.66315,5.66965,1.00,1.00
2010.01.10 22:52:35.432,5.66295,5.66945,1.00,1.00
2010.01.10 22:52:46.280,5.66315,5.66965,1.00,1.00
2010.01.10 22:52:47.629,5.66295,5.66945,1.00,1.00
2010.01.10 22:52:48.359,5.66355,5.67005,1.00,1.00
2010.01.10 22:52:49.339,5.66355,5.67,1.00,1.00
2010.01.10 22:52:49.619,5.66315,5.66965,1.00,1.00
2010.01.10 22:53:20.472,5.66295,5.66945,1.00,1.00
2010.01.10 22:54:31.384,5.66315,5.66965,1.00,1.00
2010.01.10 22:54:40.892,5.66295,5.66945,1.00,1.00
2010.01.10 22:54:49.890,5.66315,5.66965,1.00,1.00
2010.01.10 22:54:50.700,5.663,5.66945,1.00,1.00
2010.01.10 22:54:50.979,5.66295,5.66945,1.00,1.00
2010.01.10 22:55:05.786,5.66275,5.6693,1.00,1.00
2010.01.10 22:55:18.333,5.66295,5.66945,1.00,1.00
2010.01.10 22:55:36.809,5.66315,5.66965,1.00,1.00
2010.01.10 22:55:48.946,5.66295,5.66945,1.00,1.00
2010.01.10 22:56:03.072,5.66275,5.6696,1.00,1.60
2010.01.10 22:56:22.538,5.66255,5.66905,1.00,1.00
2010.01.10 22:56:25.547,5.66275,5.66925,1.00,1.00
2010.01.10 22:56:27.736,5.66315,5.66965,1.00,1.00
2010.01.10 22:57:22.416,5.66232,5.66582,4.00,1.60
2010.01.10 22:57:30.250,5.66357,5.66537,1.00,1.00
2010.01.10 22:57:31.937,5.66213,5.66723,1.00,1.00
2010.01.10 22:57:32.056,5.66199,5.66729,4.00,1.60
2010.01.10 22:57:39.245,5.66186,5.66696,1.00,1.00
2010.01.10 22:57:40.518,5.66267,5.66572,1.60,1.60
2010.01.10 22:58:10.222,5.66295,5.66945,1.00,1.00
2010.01.10 22:58:19.280,5.66275,5.66925,1.00,1.00
2010.01.10 22:58:34.536,5.66295,5.66945,1.00,1.00
2010.01.10 22:58:37.605,5.66275,5.66925,1.00,1.00
2010.01.10 22:58:49.052,5.6624,5.6689,1.60,1.00
2010.01.10 22:58:49.462,5.66235,5.6689,1.00,1.00
2010.01.10 22:58:55.811,5.66215,5.66865,1.00,1.00
2010.01.10 22:58:57.390,5.66235,5.66885,1.00,1.00
2010.01.10 22:58:58.600,5.66215,5.66865,1.00,1.00
2010.01.10 22:59:00.167,5.65643,5.66173,4.00,1.60
2010.01.10 22:59:00.397,5.65782,5.66302,4.00,1.60
2010.01.10 22:59:00.567,5.65895,5.66375,4.00,1.60
2010.01.10 22:59:02.467,5.65901,5.66421,4.00,1.60
2010.01.10 22:59:02.697,5.65884,5.66394,4.00,1.60
2010.01.10 22:59:02.977,5.6585,5.6637,4.00,1.60
2010.01.10 22:59:03.197,5.65849,5.66369,4.00,1.60
2010.01.10 22:59:03.427,5.65865,5.6639,4.00,1.60
2010.01.10 22:59:06.606,5.65864,5.66384,4.00,1.60
2010.01.10 22:59:14.124,5.65826,5.66366,4.00,1.60
2010.01.10 22:59:14.814,5.65827,5.66337,4.00,1.60
2010.01.10 22:59:46.406,5.65829,5.66359,4.00,1.60
2010.01.10 22:59:46.736,5.65836,5.66376,4.00,1.60
2010.01.10 22:59:46.966,5.65826,5.66366,4.00,1.60
2010.01.10 22:59:48.896,5.65793,5.66333,4.00,1.60
2010.01.10 22:59:49.235,5.65757,5.66292,4.00,1.60
2010.01.10 22:59:49.344,5.65765,5.6628,4.00,1.60
2010.01.10 22:59:49.456,5.65831,5.66341,4.00,1.60
2010.01.10 22:59:50.075,5.6592,5.6645,4.00,1.60
2010.01.10 22:59:50.126,5.6595,5.6649,4.00,1.60
2010.01.10 22:59:52.175,5.65887,5.66422,4.00,1.60
2010.01.10 22:59:52.285,5.65824,5.66339,4.00,1.60
2010.01.10 22:59:52.395,5.65782,5.66317,4.00,1.60
2010.01.10 22:59:53.424,5.65793,5.66323,4.00,1.60
2010.01.10 22:59:53.654,5.65806,5.66356,4.00,1.60
2010.01.10 22:59:55.844,5.65826,5.66356,4.00,1.60
2010.01.10 22:59:56.014,5.65812,5.66337,4.00,1.60
2010.01.10 22:59:56.764,5.65786,5.66301,4.00,1.60
2010.01.10 22:59:56.884,5.65755,5.66265,4.00,1.60
2010.01.10 22:59:57.068,5.65711,5.66231,4.00,1.60
2010.01.10 22:59:58.534,5.6565,5.6618,4.00,1.60
2010.01.10 22:59:58.884,5.65576,5.66106,8.00,1.60
2010.01.10 22:59:59.673,5.65529,5.66063,4.00,1.60
