2009.10.18 22:00:01.556,5.6141,5.6229,1.00,1.00
2009.10.18 22:00:18.491,5.6139,5.6227,1.00,1.00
2009.10.18 22:00:49.864,5.6141,5.6229,1.00,1.00
2009.10.18 22:01:13.778,5.6143,5.6231,1.00,1.00
2009.10.18 22:01:27.695,5.6141,5.6229,1.00,1.00
2009.10.18 22:02:24.031,5.6139,5.6227,1.00,1.00
2009.10.18 22:03:20.208,5.6145,5.6233,1.00,1.00
2009.10.18 22:03:28.575,5.6141,5.6229,1.00,1.00
2009.10.18 22:03:39.073,5.6143,5.6231,1.00,1.00
2009.10.18 22:03:49.940,5.6145,5.6233,1.00,1.00
2009.10.18 22:03:56.709,5.6143,5.6231,1.00,1.00
2009.10.18 22:04:58.604,5.6145,5.6233,1.00,1.00
2009.10.18 22:05:01.353,5.6147,5.6235,1.00,1.00
2009.10.18 22:05:05.892,5.6151,5.6243,1.00,1.00
2009.10.18 22:05:06.222,5.6151,5.6239,1.00,1.00
2009.10.18 22:05:33.325,5.6151,5.6243,1.00,1.00
2009.10.18 22:05:33.675,5.6151,5.6239,1.00,1.00
2009.10.18 22:05:59.989,5.6149,5.6237,1.00,1.00
2009.10.18 22:06:04.308,5.6151,5.6239,1.00,1.00
2009.10.18 22:06:36.001,5.6153,5.6241,1.00,1.00
2009.10.18 22:06:52.086,5.6151,5.6239,1.00,1.00
2009.10.18 22:07:20.240,5.6147,5.6235,1.00,1.00
2009.10.18 22:07:20.890,5.6151,5.6239,1.00,1.00
2009.10.18 22:08:10.588,5.6147,5.6235,1.00,1.00
2009.10.18 22:08:10.767,5.6151,5.6239,1.00,1.00
2009.10.18 22:08:21.075,5.6149,5.6237,1.00,1.00
2009.10.18 22:08:44.130,5.6145,5.6233,1.00,1.00
2009.10.18 22:08:50.938,5.6147,5.6235,1.00,1.00
2009.10.18 22:09:08.344,5.6149,5.6237,1.00,1.00
2009.10.18 22:09:08.804,5.6153,5.6241,1.00,1.00
2009.10.18 22:09:14.262,5.6151,5.6239,1.00,1.00
2009.10.18 22:09:17.771,5.6147,5.6239,1.00,1.00
2009.10.18 22:09:43.535,5.6147,5.6235,1.00,1.00
2009.10.18 22:09:47.344,5.6147,5.6239,1.00,1.00
2009.10.18 22:09:56.552,5.6147,5.6235,1.00,1.00
2009.10.18 22:10:01.790,5.6145,5.6233,1.00,1.00
2009.10.18 22:10:07.919,5.6143,5.6231,1.00,1.00
2009.10.18 22:10:18.277,5.6145,5.6233,1.00,1.00
2009.10.18 22:10:31.253,5.6143,5.6231,1.00,1.00
2009.10.18 22:10:35.602,5.6141,5.6229,1.00,1.00
2009.10.18 22:11:04.086,5.6145,5.6233,1.00,1.00
2009.10.18 22:11:41.477,5.6143,5.6231,1.00,1.00
2009.10.18 22:11:46.596,5.6145,5.6233,1.00,1.00
2009.10.18 22:12:01.752,5.6143,5.6231,1.00,1.00
2009.10.18 22:12:12.069,5.6145,5.6233,1.00,1.00
2009.10.18 22:13:12.815,5.6143,5.6231,1.00,1.00
2009.10.18 22:14:26.477,5.6142,5.623,1.00,1.00
2009.10.18 22:14:59.729,5.6144,5.6228,2.40,2.40
2009.10.18 22:14:59.909,5.6146,5.6226,1.00,1.00
2009.10.18 22:15:02.798,5.6142,5.622,1.20,1.00
2009.10.18 22:15:04.018,5.6142,5.6219,1.20,1.00
2009.10.18 22:15:05.677,5.6142,5.6218,1.20,1.00
2009.10.18 22:15:10.616,5.6141,5.6216,1.20,1.00
2009.10.18 22:15:42.968,5.6141,5.6224,1.20,1.00
2009.10.18 22:16:17.282,5.6136,5.6221,1.20,1.00
2009.10.18 22:16:42.744,5.6136,5.6224,1.20,1.00
2009.10.18 22:16:43.994,5.6137,5.6228,1.20,1.00
2009.10.18 22:16:44.814,5.6136,5.6228,1.20,1.00
2009.10.18 22:16:45.113,5.6136,5.6224,1.20,1.00
2009.10.18 22:16:48.383,5.6137,5.6228,1.20,1.00
2009.10.18 22:16:48.842,5.6136,5.6224,1.20,1.00
2009.10.18 22:16:51.212,5.6136,5.6221,1.20,1.00
2009.10.18 22:16:51.792,5.6135,5.6219,1.20,1.00
2009.10.18 22:16:51.902,5.6137,5.6221,1.00,1.00
2009.10.18 22:17:00.940,5.6135,5.6219,1.20,1.00
2009.10.18 22:17:01.060,5.6135,5.6219,3.60,1.00
2009.10.18 22:17:01.120,5.6137,5.6221,1.00,1.00
2009.10.18 22:17:07.308,5.6135,5.6219,1.20,1.00
2009.10.18 22:17:26.714,5.6136,5.6224,1.20,1.00
2009.10.18 22:17:27.063,5.6136,5.6221,1.20,1.00
2009.10.18 22:17:32.332,5.6137,5.6228,1.20,1.00
2009.10.18 22:17:32.622,5.6136,5.6224,1.20,1.00
2009.10.18 22:17:33.922,5.6137,5.6228,1.20,1.00
2009.10.18 22:17:34.222,5.614,5.6232,1.00,1.00
2009.10.18 22:17:34.582,5.614,5.6228,1.00,1.00
2009.10.18 22:17:34.881,5.614,5.6232,1.00,3.20
2009.10.18 22:17:35.111,5.614,5.6224,1.00,1.00
2009.10.18 22:17:39.580,5.6136,5.6224,1.20,1.00
2009.10.18 22:17:46.069,5.6137,5.6228,1.20,1.00
2009.10.18 22:17:46.529,5.6136,5.6228,1.20,1.00
2009.10.18 22:17:46.639,5.6137,5.6224,1.20,1.00
2009.10.18 22:17:46.759,5.6136,5.6224,1.20,1.00
2009.10.18 22:17:50.068,5.6137,5.6228,1.20,1.00
2009.10.18 22:17:51.727,5.6136,5.6228,1.20,1.00
2009.10.18 22:17:52.127,5.6136,5.6224,1.20,1.00
2009.10.18 22:18:13.972,5.6136,5.6224,1.20,1.00
2009.10.18 22:18:16.662,5.614,5.6224,1.00,1.00
2009.10.18 22:18:16.841,5.614,5.6228,1.00,1.00
2009.10.18 22:18:17.011,5.614,5.6232,1.00,1.00
2009.10.18 22:18:19.091,5.614,5.6228,1.00,1.00
2009.10.18 22:18:20.381,5.614,5.6232,1.00,1.00
2009.10.18 22:18:20.481,5.614,5.6228,1.00,1.00
2009.10.18 22:18:21.920,5.6137,5.6228,1.20,1.00
2009.10.18 22:18:24.770,5.6136,5.6224,1.20,1.00
2009.10.18 22:18:25.479,5.6136,5.6228,1.20,1.00
2009.10.18 22:18:25.750,5.6137,5.6228,1.20,1.00
2009.10.18 22:18:29.038,5.6136,5.6224,1.20,1.00
2009.10.18 22:18:33.207,5.6138,5.6224,2.40,1.00
2009.10.18 22:18:33.438,5.614,5.6224,1.00,1.00
2009.10.18 22:18:38.486,5.6136,5.6224,1.20,1.00
2009.10.18 22:18:44.175,5.6137,5.6228,1.20,1.00
2009.10.18 22:19:19.376,5.6136,5.6224,1.20,1.00
2009.10.18 22:19:21.116,5.6136,5.6228,1.20,1.00
2009.10.18 22:19:21.286,5.6137,5.6228,1.20,1.00
2009.10.18 22:19:32.133,5.6136,5.6224,1.20,1.00
2009.10.18 22:20:09.624,5.6136,5.6221,1.20,1.00
2009.10.18 22:20:10.146,5.6136,5.6224,1.20,1.00
2009.10.18 22:20:23.291,5.614,5.6224,1.00,1.00
2009.10.18 22:20:34.268,5.6139,5.6222,1.00,1.00
2009.10.18 22:20:45.796,5.614,5.6224,1.20,1.00
2009.10.18 22:21:05.041,5.6139,5.6222,1.00,1.00
2009.10.18 22:21:09.950,5.614,5.6224,1.00,1.00
2009.10.18 22:22:15.390,5.6126,5.6164,1.60,1.00
2009.10.18 22:22:15.740,5.6127,5.6163,1.60,1.00
2009.10.18 22:22:16.310,5.6126,5.6164,1.60,2.40
2009.10.18 22:22:22.108,5.6127,5.6163,1.60,2.40
2009.10.18 22:22:22.219,5.6129,5.6161,1.60,2.40
2009.10.18 22:22:27.917,5.61272,5.61627,1.60,1.00
2009.10.18 22:22:28.037,5.61252,5.61647,1.60,1.00
2009.10.18 22:22:48.073,5.6126,5.6164,1.60,2.40
2009.10.18 22:22:48.762,5.61272,5.61627,1.60,1.00
2009.10.18 22:22:49.042,5.61282,5.61618,1.60,1.00
2009.10.18 22:23:25.557,5.6143,5.6226,1.00,1.00
2009.10.18 22:24:13.006,5.6145,5.6228,1.00,1.00
2009.10.18 22:24:52.276,5.6145,5.6228,1.20,1.00
2009.10.18 22:25:00.874,5.6146,5.623,1.20,1.00
2009.10.18 22:25:30.137,5.6145,5.6228,1.20,1.00
2009.10.18 22:25:48.882,5.6146,5.623,1.20,1.00
2009.10.18 22:26:03.699,5.6146,5.623,3.60,1.00
2009.10.18 22:26:03.979,5.6148,5.6231,1.00,1.00
2009.10.18 22:26:05.478,5.6146,5.623,1.20,1.00
2009.10.18 22:26:06.588,5.6148,5.6231,1.00,1.00
2009.10.18 22:26:16.876,5.6148,5.6232,1.00,1.00
2009.10.18 22:26:22.364,5.6146,5.623,1.00,1.00
2009.10.18 22:26:30.352,5.6148,5.6232,1.00,1.00
2009.10.18 22:26:31.562,5.6146,5.623,1.00,1.00
2009.10.18 22:26:31.982,5.6145,5.6228,1.00,1.00
2009.10.18 22:26:37.371,5.6146,5.623,1.00,1.00
2009.10.18 22:26:58.526,5.6146,5.623,2.80,1.00
2009.10.18 22:26:58.746,5.6148,5.6232,1.20,1.00
2009.10.18 22:27:40.246,5.6148,5.6231,1.20,1.00
2009.10.18 22:27:49.764,5.615,5.6233,1.20,1.00
2009.10.18 22:27:59.381,5.6148,5.6231,1.20,1.00
2009.10.18 22:28:19.976,5.6148,5.6233,3.60,1.00
2009.10.18 22:28:20.446,5.615,5.6233,1.00,1.00
2009.10.18 22:28:32.033,5.6151,5.6235,1.20,1.00
2009.10.18 22:28:42.830,5.615,5.6233,1.20,1.00
2009.10.18 22:28:52.758,5.6151,5.6235,1.20,1.00
2009.10.18 22:28:52.928,5.615,5.6233,1.20,1.00
2009.10.18 22:28:53.698,5.615,5.6235,1.20,1.00
2009.10.18 22:28:54.038,5.6151,5.6235,1.20,1.00
2009.10.18 22:28:55.018,5.615,5.6233,1.20,1.00
2009.10.18 22:29:10.914,5.6148,5.6231,1.20,1.00
2009.10.18 22:29:23.001,5.6146,5.623,1.20,1.00
2009.10.18 22:30:18.618,5.614,5.6224,1.20,1.00
2009.10.18 22:30:18.887,5.614,5.6231,1.20,1.00
2009.10.18 22:30:30.494,5.6144,5.6232,1.00,1.00
2009.10.18 22:30:31.714,5.6147,5.6231,1.20,1.00
2009.10.18 22:30:37.173,5.615,5.6233,1.20,1.00
2009.10.18 22:30:51.140,5.6152,5.6235,1.00,1.00
2009.10.18 22:31:00.847,5.6165,5.63095,1.00,2.40
2009.10.18 22:31:03.177,5.6163,5.6291,1.00,1.20
2009.10.18 22:31:03.577,5.6163,5.6278,1.00,2.40
2009.10.18 22:31:03.867,5.6163,5.6281,1.00,2.40
2009.10.18 22:31:06.986,5.6163,5.6278,1.00,2.40
2009.10.18 22:31:07.046,5.6166,5.6278,1.00,2.40
2009.10.18 22:31:08.785,5.6167,5.6278,1.00,2.40
2009.10.18 22:31:09.075,5.6167,5.6281,1.00,2.40
2009.10.18 22:31:13.314,5.6167,5.628,1.00,2.40
2009.10.18 22:31:13.554,5.6163,5.628,1.20,2.40
2009.10.18 22:31:13.774,5.616,5.6286,1.20,1.00
2009.10.18 22:31:20.683,5.6165,5.6286,2.40,1.00
2009.10.18 22:31:21.033,5.6167,5.628,1.00,2.40
2009.10.18 22:31:22.652,5.6167,5.6277,1.00,2.40
2009.10.18 22:31:23.172,5.6163,5.6277,1.00,2.40
2009.10.18 22:31:23.512,5.6163,5.6283,1.00,1.00
2009.10.18 22:31:25.521,5.6168,5.6287,1.00,1.00
2009.10.18 22:31:25.751,5.6168,5.6277,1.00,2.40
2009.10.18 22:31:27.021,5.6166,5.6275,1.00,2.40
2009.10.18 22:31:27.141,5.6166,5.6276,1.00,2.40
2009.10.18 22:31:34.839,5.6166,5.6276,2.80,2.40
2009.10.18 22:31:35.019,5.6168,5.6276,1.00,2.40
2009.10.18 22:31:36.179,5.6163,5.6276,1.20,2.40
2009.10.18 22:31:36.589,5.6163,5.627,1.00,2.40
2009.10.18 22:31:38.968,5.6164,5.6272,1.00,2.40
2009.10.18 22:31:41.068,5.6163,5.6272,1.00,2.40
2009.10.18 22:31:42.677,5.6156,5.6273,1.20,2.40
2009.10.18 22:31:44.926,5.6153,5.6264,1.20,2.40
2009.10.18 22:31:45.146,5.6153,5.6264,3.60,2.40
2009.10.18 22:31:45.326,5.6155,5.6262,1.00,2.40
2009.10.18 22:31:46.596,5.6157,5.6264,1.00,2.40
2009.10.18 22:31:52.105,5.6155,5.6265,1.00,2.40
2009.10.18 22:31:58.883,5.6142,5.6227,1.00,1.00
2009.10.18 22:31:59.173,5.6143,5.6226,2.40,1.20
2009.10.18 22:31:59.513,5.6141,5.6226,2.40,1.20
2009.10.18 22:32:01.653,5.6143,5.6222,2.40,2.00
2009.10.18 22:32:02.852,5.6143,5.6219,2.40,1.00
2009.10.18 22:32:04.052,5.6143,5.6217,2.40,1.00
2009.10.18 22:32:04.712,5.6143,5.6216,2.40,1.00
2009.10.18 22:32:05.691,5.6143,5.6215,2.40,1.00
2009.10.18 22:33:22.843,5.6143,5.6213,2.40,1.00
2009.10.18 22:33:23.183,5.6141,5.6213,3.60,1.00
2009.10.18 22:33:23.863,5.6143,5.6215,2.40,1.00
2009.10.18 22:33:42.088,5.6143,5.6211,2.40,1.00
2009.10.18 22:33:42.318,5.614,5.6211,2.40,1.00
2009.10.18 22:33:46.217,5.6141,5.6213,2.80,1.00
2009.10.18 22:34:13.981,5.6156,5.6225,1.00,1.60
2009.10.18 22:34:16.850,5.6158,5.6223,1.00,1.00
2009.10.18 22:34:23.468,5.6156,5.6221,1.00,1.00
2009.10.18 22:34:29.037,5.6158,5.6223,1.00,1.00
2009.10.18 22:34:42.324,5.6156,5.6221,1.00,1.00
2009.10.18 22:34:44.613,5.61545,5.62195,1.00,1.00
2009.10.18 22:34:49.312,5.6156,5.6221,1.00,1.00
2009.10.18 22:34:54.331,5.61545,5.62195,1.00,1.00
2009.10.18 22:35:01.239,5.61505,5.62155,1.00,1.00
2009.10.18 22:35:06.258,5.61485,5.62135,1.00,1.00
2009.10.18 22:35:11.057,5.6147,5.6212,1.00,1.60
2009.10.18 22:35:13.416,5.61505,5.6212,1.00,1.00
2009.10.18 22:35:13.766,5.61505,5.62155,1.00,1.00
2009.10.18 22:35:14.586,5.61485,5.62135,1.00,1.00
2009.10.18 22:35:16.436,5.61505,5.6214,1.00,1.00
2009.10.18 22:35:16.556,5.61505,5.62155,1.00,1.00
2009.10.18 22:35:24.934,5.61485,5.62135,1.00,1.00
2009.10.18 22:35:32.952,5.61525,5.6214,1.00,1.00
2009.10.18 22:35:33.012,5.61525,5.62175,1.00,1.00
2009.10.18 22:35:41.570,5.61545,5.6218,1.00,1.00
2009.10.18 22:35:41.690,5.61545,5.62195,1.00,1.00
2009.10.18 22:36:00.775,5.61505,5.62155,1.00,1.00
2009.10.18 22:36:00.885,5.61485,5.62135,1.00,1.00
2009.10.18 22:36:09.173,5.6147,5.6212,1.00,1.00
2009.10.18 22:36:23.299,5.6147,5.6211,1.00,1.00
2009.10.18 22:36:23.420,5.6145,5.621,1.00,1.00
2009.10.18 22:36:28.428,5.6147,5.6211,1.00,1.00
2009.10.18 22:36:28.588,5.6147,5.6212,1.00,1.00
2009.10.18 22:36:29.798,5.61485,5.62135,1.00,1.00
2009.10.18 22:36:31.628,5.61505,5.6215,1.00,1.00
2009.10.18 22:36:31.807,5.61505,5.62155,1.00,1.00
2009.10.18 22:37:25.025,5.61485,5.62135,1.00,1.00
2009.10.18 22:37:29.624,5.6147,5.6212,1.00,1.00
2009.10.18 22:37:33.453,5.61485,5.6213,1.00,1.00
2009.10.18 22:37:33.563,5.61485,5.62135,1.00,1.00
2009.10.18 22:37:42.610,5.6147,5.6212,1.00,1.00
2009.10.18 22:37:46.349,5.6145,5.621,1.00,1.00
2009.10.18 22:37:47.629,5.6143,5.6208,1.00,1.00
2009.10.18 22:37:48.029,5.6141,5.6206,1.00,1.00
2009.10.18 22:37:52.918,5.61395,5.62045,1.00,1.00
2009.10.18 22:37:54.298,5.6141,5.6205,1.00,1.00
2009.10.18 22:37:54.648,5.6141,5.6206,1.00,1.00
2009.10.18 22:38:05.885,5.61395,5.62045,1.00,1.00
2009.10.18 22:38:22.051,5.6141,5.6206,1.00,1.00
2009.10.18 22:38:22.221,5.61395,5.62045,1.00,1.00
2009.10.18 22:38:56.033,5.61395,5.62045,1.00,1.00
2009.10.18 22:38:58.052,5.6143,5.6207,1.00,1.00
2009.10.18 22:38:58.522,5.6143,5.6208,1.00,1.00
2009.10.18 22:39:47.900,5.6141,5.6206,1.00,1.00
2009.10.18 22:39:50.492,5.6143,5.6208,1.00,1.00
2009.10.18 22:39:58.128,5.6145,5.6209,1.00,1.00
2009.10.18 22:39:58.408,5.6145,5.621,1.00,1.00
2009.10.18 22:40:00.767,5.6143,5.6208,1.00,1.00
2009.10.18 22:40:20.722,5.6145,5.621,1.00,1.00
2009.10.18 22:40:53.204,5.6143,5.6208,1.00,1.00
2009.10.18 22:40:55.824,5.6145,5.621,1.00,1.00
2009.10.18 22:40:55.994,5.6147,5.6212,1.00,1.00
2009.10.18 22:40:57.494,5.6145,5.621,1.00,1.00
2009.10.18 22:41:02.972,5.6145,5.6208,1.00,1.00
2009.10.18 22:41:10.400,5.6147,5.621,1.00,1.00
2009.10.18 22:41:28.636,5.61485,5.621,1.00,1.00
2009.10.18 22:41:28.816,5.61505,5.6212,1.00,1.00
2009.10.18 22:41:28.986,5.61505,5.6214,1.00,1.00
2009.10.18 22:41:36.924,5.61485,5.62135,1.00,1.00
2009.10.18 22:41:37.154,5.61485,5.6212,1.00,1.00
2009.10.18 22:41:53.860,5.61505,5.6214,1.00,1.00
2009.10.18 22:41:55.170,5.61525,5.6216,1.00,1.00
2009.10.18 22:41:55.339,5.61505,5.6214,1.00,1.00
2009.10.18 22:41:59.119,5.61485,5.62135,1.00,1.00
2009.10.18 22:41:59.408,5.61485,5.6212,1.00,1.00
2009.10.18 22:42:10.470,5.61144,5.6184,1.60,1.00
2009.10.18 22:42:11.509,5.61081,5.61781,1.60,1.00
2009.10.18 22:42:11.849,5.61036,5.61746,1.60,1.00
2009.10.18 22:42:11.909,5.61005,5.61735,1.60,1.00
2009.10.18 22:42:12.599,5.61002,5.61717,1.60,1.00
2009.10.18 22:42:16.438,5.60979,5.61689,1.60,1.00
2009.10.18 22:42:18.088,5.60917,5.61617,1.60,1.00
2009.10.18 22:42:18.447,5.60849,5.61529,1.60,1.00
2009.10.18 22:42:19.137,5.60785,5.6149,1.00,1.00
2009.10.18 22:42:19.467,5.60749,5.61449,1.60,1.00
2009.10.18 22:42:19.807,5.60708,5.61408,1.60,1.00
2009.10.18 22:42:20.157,5.60721,5.61441,1.60,1.00
2009.10.18 22:42:20.437,5.60858,5.61558,1.60,1.00
2009.10.18 22:42:20.667,5.60971,5.61681,1.60,1.00
2009.10.18 22:42:38.943,5.61024,5.61724,1.60,1.00
2009.10.18 22:42:39.123,5.61007,5.61702,1.60,1.00
2009.10.18 22:42:47.241,5.60949,5.61664,1.60,1.00
2009.10.18 22:42:54.989,5.60891,5.61591,1.60,1.00
2009.10.18 22:42:55.849,5.60803,5.61518,1.60,1.00
2009.10.18 22:42:59.478,5.60761,5.61461,1.60,1.00
2009.10.18 22:43:05.472,5.6147,5.621,1.00,1.00
2009.10.18 22:43:47.233,5.6145,5.621,1.00,1.60
2009.10.18 22:43:47.463,5.6145,5.6208,1.00,1.00
2009.10.18 22:43:47.882,5.6138,5.62025,1.00,1.00
2009.10.18 22:43:48.233,5.61375,5.6201,1.00,1.00
2009.10.18 22:43:50.602,5.61355,5.6199,1.00,1.00
2009.10.18 22:43:51.761,5.6141,5.6203,1.00,1.00
2009.10.18 22:43:52.291,5.6141,5.6205,1.00,1.00
2009.10.18 22:43:54.061,5.6143,5.6206,1.00,1.00
2009.10.18 22:44:12.756,5.6143,5.6204,1.00,1.00
2009.10.18 22:44:13.096,5.6141,5.6204,1.00,1.00
2009.10.18 22:44:14.916,5.61395,5.6202,1.00,1.00
2009.10.18 22:44:15.086,5.61375,5.62,1.00,1.00
2009.10.18 22:44:15.596,5.61395,5.6202,1.00,1.00
2009.10.18 22:44:15.936,5.61375,5.62,1.00,1.00
2009.10.18 22:44:22.314,5.61355,5.6199,1.00,1.00
2009.10.18 22:44:26.013,5.61395,5.6202,1.00,1.00
2009.10.18 22:44:27.113,5.61395,5.62,1.00,1.00
2009.10.18 22:44:27.223,5.61375,5.62,1.00,1.00
2009.10.18 22:44:28.252,5.61355,5.62,1.00,1.00
2009.10.18 22:44:28.592,5.61355,5.6199,1.00,1.00
2009.10.18 22:44:32.432,5.61335,5.61985,1.00,1.00
2009.10.18 22:44:32.542,5.613,5.6195,1.00,1.00
2009.10.18 22:44:32.951,5.613,5.6191,1.00,1.00
2009.10.18 22:44:33.342,5.6128,5.6193,1.00,1.60
2009.10.18 22:44:33.691,5.61355,5.6199,1.00,1.00
2009.10.18 22:44:36.791,5.61315,5.6195,1.00,1.00
2009.10.18 22:44:41.879,5.613,5.6193,1.00,1.00
2009.10.18 22:44:43.249,5.61355,5.6199,1.00,1.00
2009.10.18 22:44:45.988,5.61355,5.62,1.00,1.00
2009.10.18 22:44:46.209,5.61335,5.6197,1.00,1.00
2009.10.18 22:44:59.735,5.61335,5.6195,1.00,1.00
2009.10.18 22:45:00.025,5.61315,5.6195,1.00,1.00
2009.10.18 22:45:07.293,5.61335,5.6197,1.00,1.00
2009.10.18 22:45:09.083,5.61315,5.6195,1.00,1.00
2009.10.18 22:45:14.052,5.61335,5.6197,1.00,1.00
2009.10.18 22:45:16.881,5.61315,5.61965,1.00,1.00
2009.10.18 22:45:17.391,5.61315,5.6195,1.00,1.00
2009.10.18 22:45:34.847,5.613,5.6195,1.00,1.60
2009.10.18 22:45:35.086,5.613,5.6193,1.00,1.00
2009.10.18 22:45:40.245,5.6128,5.6191,1.00,1.00
2009.10.18 22:45:42.095,5.6126,5.6191,1.00,1.00
2009.10.18 22:45:42.215,5.6124,5.6189,1.00,1.60
2009.10.18 22:45:42.455,5.6124,5.6187,1.00,1.00
2009.10.18 22:45:44.044,5.6126,5.6185,1.00,1.00
2009.10.18 22:45:44.435,5.6126,5.6189,1.00,1.00
2009.10.18 22:45:45.374,5.6124,5.6187,1.00,1.00
2009.10.18 22:45:46.804,5.6126,5.6187,1.00,1.00
2009.10.18 22:45:46.924,5.6126,5.6189,1.00,1.00
2009.10.18 22:45:53.552,5.6126,5.6191,1.00,1.60
2009.10.18 22:45:53.842,5.6126,5.6189,1.00,1.00
2009.10.18 22:45:58.751,5.6126,5.6187,1.00,1.00
2009.10.18 22:45:59.041,5.61225,5.6185,1.00,1.00
2009.10.18 22:46:00.301,5.61205,5.6185,1.00,1.00
2009.10.18 22:46:02.860,5.6124,5.6187,1.00,1.00
2009.10.18 22:46:03.090,5.61225,5.6187,1.00,1.00
2009.10.18 22:46:03.380,5.61225,5.6185,1.00,1.00
2009.10.18 22:46:10.938,5.6124,5.6187,1.00,1.00
2009.10.18 22:46:11.168,5.6126,5.6187,1.00,1.00
2009.10.18 22:46:11.338,5.6126,5.6189,1.00,1.00
2009.10.18 22:46:14.107,5.6124,5.6187,1.00,1.00
2009.10.18 22:46:21.395,5.6126,5.6189,1.00,1.00
2009.10.18 22:46:22.815,5.6128,5.6191,1.00,1.00
2009.10.18 22:46:23.285,5.6126,5.6191,1.00,1.60
2009.10.18 22:46:23.565,5.6126,5.6189,1.00,1.00
2009.10.18 22:46:34.832,5.6128,5.6189,1.00,1.00
2009.10.18 22:46:35.122,5.6124,5.6187,1.00,1.00
2009.10.18 22:46:51.108,5.61225,5.6185,1.00,1.00
2009.10.18 22:47:08.424,5.6124,5.6187,1.00,1.00
2009.10.18 22:47:17.302,5.61225,5.6185,1.00,1.00
2009.10.18 22:47:29.159,5.6124,5.6185,1.00,1.00
2009.10.18 22:47:29.509,5.6124,5.6187,1.00,1.00
2009.10.18 22:47:59.462,5.6126,5.6187,1.00,1.00
2009.10.18 22:47:59.572,5.6126,5.6189,1.00,1.00
2009.10.18 22:47:59.982,5.6128,5.6191,1.00,1.00
2009.10.18 22:48:10.029,5.6126,5.6189,1.00,1.00
2009.10.18 22:48:11.079,5.6124,5.6187,1.00,1.00
2009.10.18 22:48:26.475,5.6126,5.6189,1.00,1.00
2009.10.18 22:48:31.854,5.6124,5.6189,1.00,1.60
2009.10.18 22:48:32.034,5.6124,5.6187,1.00,1.00
2009.10.18 22:48:39.082,5.6126,5.6191,1.00,1.60
2009.10.18 22:48:39.302,5.6128,5.6191,1.00,1.00
2009.10.18 22:48:53.819,5.6126,5.6191,1.00,1.60
2009.10.18 22:48:53.929,5.6126,5.6189,1.00,1.00
2009.10.18 22:49:02.667,5.6124,5.6187,1.00,1.00
2009.10.18 22:49:13.624,5.6128,5.6187,1.00,1.00
2009.10.18 22:49:13.844,5.6128,5.6191,1.00,1.00
2009.10.18 22:49:25.501,5.613,5.6193,1.00,1.00
2009.10.18 22:49:30.060,5.6128,5.6193,1.00,1.60
2009.10.18 22:49:30.170,5.6128,5.6191,1.00,1.00
2009.10.18 22:49:38.458,5.6126,5.6189,1.00,1.00
2009.10.18 22:49:41.167,5.6124,5.6187,1.00,1.00
2009.10.18 22:49:51.535,5.6126,5.6187,1.00,1.00
2009.10.18 22:49:51.875,5.6128,5.6191,1.00,1.00
2009.10.18 22:50:20.058,5.6126,5.6191,1.00,1.60
2009.10.18 22:50:20.398,5.6126,5.6189,1.00,1.00
2009.10.18 22:50:30.055,5.6128,5.6189,1.00,1.00
2009.10.18 22:50:30.335,5.6128,5.6191,1.00,1.00
2009.10.18 22:51:08.406,5.6126,5.6189,1.00,1.00
2009.10.18 22:51:35.560,5.6128,5.6191,1.00,1.00
2009.10.18 22:51:37.519,5.6128,5.6189,1.00,1.00
2009.10.18 22:51:37.819,5.6126,5.6189,1.00,1.00
2009.10.18 22:51:45.637,5.6124,5.6189,1.00,1.60
2009.10.18 22:51:46.247,5.6124,5.6187,1.00,1.00
2009.10.18 22:51:47.457,5.6124,5.6185,1.00,1.00
2009.10.18 22:51:47.627,5.6124,5.6187,1.00,1.00
2009.10.18 22:51:49.306,5.61225,5.6187,1.00,1.00
2009.10.18 22:51:49.526,5.61225,5.6185,1.00,1.00
2009.10.18 22:51:51.976,5.6124,5.6187,1.00,1.00
2009.10.18 22:51:53.825,5.6126,5.6189,1.00,1.00
2009.10.18 22:51:56.245,5.6126,5.6187,1.00,1.00
2009.10.18 22:51:56.414,5.6124,5.6187,1.00,1.00
2009.10.18 22:51:57.914,5.6127,5.619,1.00,1.00
2009.10.18 22:51:58.134,5.6128,5.619,1.00,1.00
2009.10.18 22:51:58.374,5.6142,5.619,1.00,1.00
2009.10.18 22:51:58.554,5.6142,5.6235,1.00,1.00
2009.10.18 22:51:58.784,5.6138,5.6235,1.00,3.20
2009.10.18 22:51:58.954,5.6138,5.6233,1.00,1.00
2009.10.18 22:51:59.124,5.6138,5.6228,1.00,2.40
2009.10.18 22:51:59.464,5.614,5.6232,1.00,2.40
2009.10.18 22:51:59.984,5.614,5.623,1.00,1.00
2009.10.18 22:52:01.834,5.614,5.6231,1.00,3.20
2009.10.18 22:52:14.190,5.614,5.6223,1.00,2.40
2009.10.18 22:52:19.479,5.61365,5.6221,1.00,2.40
2009.10.18 22:52:20.009,5.61325,5.6221,1.00,2.40
2009.10.18 22:52:24.378,5.61325,5.6217,1.00,2.40
2009.10.18 22:52:43.354,5.61325,5.6213,1.00,2.40
2009.10.18 22:52:51.192,5.61325,5.6212,1.00,2.40
2009.10.18 22:52:53.151,5.61325,5.6217,1.00,2.40
2009.10.18 22:52:58.610,5.6129,5.6217,1.00,2.40
2009.10.18 22:52:58.949,5.6125,5.6217,1.60,2.40
2009.10.18 22:53:01.969,5.6125,5.6217,1.00,2.40
2009.10.18 22:53:02.209,5.6126,5.6213,1.00,2.40
2009.10.18 22:53:02.439,5.61325,5.6213,1.00,2.40
2009.10.18 22:53:03.299,5.61325,5.6212,1.00,2.40
2009.10.18 22:53:14.496,5.6129,5.6212,1.00,2.40
2009.10.18 22:53:14.656,5.6125,5.6212,4.40,2.40
2009.10.18 22:53:14.776,5.6125,5.6213,2.00,2.40
2009.10.18 22:53:15.116,5.6125,5.6213,1.00,2.40
2009.10.18 22:53:19.814,5.6125,5.6209,1.00,2.40
2009.10.18 22:53:20.215,5.6125,5.6213,1.00,2.40
2009.10.18 22:53:21.744,5.61325,5.6209,1.00,2.40
2009.10.18 22:53:22.034,5.6125,5.6216,1.00,3.20
2009.10.18 22:53:22.324,5.6125,5.62175,1.00,2.40
2009.10.18 22:53:23.964,5.6125,5.6216,1.00,3.20
2009.10.18 22:53:24.174,5.6125,5.6209,1.00,2.40
2009.10.18 22:53:24.473,5.6129,5.6209,1.00,2.40
2009.10.18 22:53:29.212,5.6129,5.6213,1.00,2.40
2009.10.18 22:53:29.382,5.6125,5.6213,2.00,2.40
2009.10.18 22:53:29.682,5.6125,5.6213,1.00,2.40
2009.10.18 22:53:32.222,5.6125,5.6209,1.00,2.40
2009.10.18 22:53:33.381,5.61215,5.6209,1.00,2.40
2009.10.18 22:53:33.721,5.61175,5.621,1.00,2.40
2009.10.18 22:53:35.821,5.6125,5.6209,1.00,2.40
2009.10.18 22:53:37.050,5.6125,5.6213,1.00,2.40
2009.10.18 22:53:37.800,5.6125,5.6209,1.00,2.40
2009.10.18 22:53:40.780,5.6119,5.6209,1.20,2.40
2009.10.18 22:53:41.119,5.61175,5.621,1.00,2.40
2009.10.18 22:53:41.449,5.61175,5.6206,1.00,2.40
2009.10.18 22:53:48.038,5.61175,5.6209,1.00,2.40
2009.10.18 22:53:50.817,5.6125,5.6209,1.00,2.40
2009.10.18 22:53:51.907,5.6125,5.6206,1.00,2.40
2009.10.18 22:53:52.867,5.6125,5.6209,1.00,2.40
2009.10.18 22:53:53.566,5.61215,5.6209,1.00,4.80
2009.10.18 22:53:53.796,5.61175,5.6202,1.00,2.40
2009.10.18 22:53:54.546,5.61175,5.6201,1.00,2.40
2009.10.18 22:53:54.886,5.61175,5.6202,1.00,2.40
2009.10.18 22:53:55.606,5.61175,5.6205,1.00,2.40
2009.10.18 22:54:00.245,5.61175,5.6202,1.00,2.40
2009.10.18 22:54:01.305,5.61175,5.6205,1.00,2.40
2009.10.18 22:54:08.293,5.6114,5.6205,1.00,2.40
2009.10.18 22:54:08.533,5.6111,5.6206,2.40,2.40
2009.10.18 22:54:08.653,5.611,5.6208,1.00,2.40
2009.10.18 22:54:09.683,5.61065,5.6209,1.00,5.60
2009.10.18 22:54:10.802,5.6107,5.6209,2.40,5.60
2009.10.18 22:54:11.102,5.611,5.6205,1.00,1.00
2009.10.18 22:54:11.452,5.6109,5.6204,1.00,2.40
2009.10.18 22:54:11.842,5.611,5.6205,1.00,1.00
2009.10.18 22:54:25.219,5.611,5.6198,1.00,2.40
2009.10.18 22:54:31.887,5.611,5.6201,1.00,2.40
2009.10.18 22:54:39.245,5.611,5.6198,1.00,2.40
2009.10.18 22:54:40.825,5.61175,5.6201,1.00,2.40
2009.10.18 22:54:43.414,5.6114,5.6201,1.00,2.40
2009.10.18 22:54:43.595,5.6114,5.6196,1.00,2.40
2009.10.18 22:54:43.775,5.611,5.6204,1.00,1.00
2009.10.18 22:54:43.944,5.611,5.6206,1.00,3.20
2009.10.18 22:54:44.334,5.611,5.62055,1.00,2.40
2009.10.18 22:54:47.844,5.611,5.6205,1.00,1.00
2009.10.18 22:54:52.792,5.61175,5.6201,1.00,2.40
2009.10.18 22:54:56.421,5.611,5.6201,1.00,2.40
2009.10.18 22:54:56.761,5.611,5.6202,1.00,2.40
2009.10.18 22:54:59.571,5.6114,5.6202,1.00,2.40
2009.10.18 22:55:02.500,5.6114,5.6201,1.20,2.40
2009.10.18 22:55:02.900,5.61175,5.6199,1.00,2.40
2009.10.18 22:55:06.409,5.61175,5.6201,1.00,2.40
2009.10.18 22:55:16.287,5.6114,5.6202,1.00,2.40
2009.10.18 22:55:18.866,5.61175,5.6202,1.00,2.40
2009.10.18 22:55:22.445,5.6114,5.6202,1.00,2.40
2009.10.18 22:55:22.925,5.6114,5.6195,1.00,2.40
2009.10.18 22:55:25.144,5.6114,5.6201,1.00,2.40
2009.10.18 22:55:27.214,5.6114,5.6198,1.00,2.40
2009.10.18 22:55:29.323,5.6114,5.6201,1.00,2.40
2009.10.18 22:55:39.151,5.61175,5.6201,1.00,2.40
2009.10.18 22:55:41.001,5.6114,5.6201,1.20,2.40
2009.10.18 22:55:41.231,5.6114,5.6202,1.00,2.40
2009.10.18 22:55:44.250,5.61175,5.6202,1.00,2.40
2009.10.18 22:55:49.649,5.6114,5.6202,2.00,2.40
2009.10.18 22:55:49.699,5.6114,5.6202,1.00,2.40
2009.10.18 22:55:52.458,5.6114,5.6202,2.00,2.40
2009.10.18 22:55:52.638,5.61175,5.6202,1.00,2.40
2009.10.18 22:55:57.636,5.6114,5.6202,1.00,2.40
2009.10.18 22:55:58.846,5.61175,5.6202,1.00,2.40
2009.10.18 22:56:01.066,5.61175,5.6198,1.00,2.40
2009.10.18 22:56:01.426,5.6114,5.6198,1.00,2.40
2009.10.18 22:56:01.665,5.6114,5.6202,1.00,2.40
2009.10.18 22:56:05.355,5.61175,5.6202,1.00,2.40
2009.10.18 22:56:06.054,5.6112,5.6202,1.20,2.40
2009.10.18 22:56:06.344,5.611,5.6202,1.00,2.40
2009.10.18 22:56:08.144,5.6114,5.62015,1.00,2.40
2009.10.18 22:56:08.354,5.6114,5.6193,1.00,2.40
2009.10.18 22:56:12.393,5.6114,5.6198,1.00,2.40
2009.10.18 22:56:14.723,5.6114,5.6201,1.00,2.40
2009.10.18 22:56:15.172,5.6114,5.6201,1.20,2.40
2009.10.18 22:56:15.512,5.61175,5.6202,1.00,2.40
2009.10.18 22:56:16.202,5.61175,5.6201,1.00,2.40
2009.10.18 22:56:17.352,5.6114,5.6202,1.00,2.40
2009.10.18 22:56:17.702,5.611,5.6202,1.00,2.40
2009.10.18 22:56:19.641,5.6114,5.6202,1.00,2.40
2009.10.18 22:56:20.231,5.6114,5.6195,1.00,2.40
2009.10.18 22:56:28.189,5.611,5.6191,1.00,2.40
2009.10.18 22:56:37.177,5.61065,5.6191,1.00,2.40
2009.10.18 22:57:00.182,5.611,5.6191,1.00,2.40
2009.10.18 22:57:00.292,5.611,5.619,1.00,2.40
2009.10.18 22:57:15.878,5.61065,5.619,1.00,2.40
2009.10.18 22:57:18.427,5.61065,5.6187,1.00,2.40
2009.10.18 22:57:19.657,5.61065,5.619,1.00,2.40
2009.10.18 22:57:23.526,5.61065,5.6187,1.00,2.40
2009.10.18 22:57:25.235,5.61065,5.619,1.00,2.40
2009.10.18 22:57:28.615,5.61065,5.6187,1.00,2.40
2009.10.18 22:57:29.744,5.61065,5.619,1.00,2.40
2009.10.18 22:57:34.543,5.611,5.619,1.00,2.40
2009.10.18 22:57:38.972,5.61065,5.6189,1.00,2.40
2009.10.18 22:57:52.399,5.61065,5.6185,1.00,2.40
2009.10.18 22:57:53.619,5.61065,5.6189,1.00,2.40
2009.10.18 22:58:00.837,5.61025,5.6189,1.00,2.40
2009.10.18 22:58:01.407,5.60985,5.6193,1.00,1.00
2009.10.18 22:58:05.346,5.61025,5.6195,1.00,3.20
2009.10.18 22:58:05.466,5.61025,5.619,1.00,2.40
2009.10.18 22:58:09.655,5.60985,5.6187,1.00,2.40
2009.10.18 22:58:10.005,5.6096,5.6187,2.40,2.40
2009.10.18 22:58:10.235,5.6095,5.6193,1.00,3.20
2009.10.18 22:58:12.024,5.60985,5.6193,1.00,3.20
2009.10.18 22:58:12.314,5.60985,5.619,1.00,2.40
2009.10.18 22:58:17.743,5.60985,5.6187,1.00,2.40
2009.10.18 22:58:21.422,5.61025,5.6186,1.00,2.40
2009.10.18 22:58:23.381,5.61025,5.6184,1.00,2.40
2009.10.18 22:58:24.451,5.61025,5.6186,1.00,2.40
2009.10.18 22:58:27.030,5.60985,5.6186,1.00,2.40
2009.10.18 22:58:27.200,5.60985,5.6187,1.00,2.40
2009.10.18 22:58:32.739,5.60985,5.6183,1.00,2.40
2009.10.18 22:58:42.717,5.61025,5.6183,1.00,2.40
2009.10.18 22:58:43.066,5.61025,5.6182,1.00,2.40
2009.10.18 22:58:46.906,5.61025,5.6186,1.00,2.40
2009.10.18 22:58:47.186,5.61025,5.6183,1.00,2.40
2009.10.18 22:58:49.465,5.60985,5.6183,1.00,2.40
2009.10.18 22:58:51.645,5.61025,5.6183,1.00,2.40
2009.10.18 22:58:54.664,5.6097,5.6183,1.00,2.40
2009.10.18 22:58:54.784,5.6095,5.6183,2.00,2.40
2009.10.18 22:58:54.904,5.6095,5.6179,1.00,2.40
2009.10.18 22:58:55.314,5.6095,5.6182,1.00,2.40
2009.10.18 22:58:58.373,5.6095,5.6179,1.00,2.40
2009.10.18 22:58:58.843,5.60985,5.6179,1.00,2.40
2009.10.18 22:58:59.123,5.60985,5.6176,1.00,2.40
2009.10.18 22:59:01.332,5.6095,5.6176,1.00,2.40
2009.10.18 22:59:03.891,5.60875,5.6175,1.00,2.40
2009.10.18 22:59:05.961,5.6091,5.6175,1.00,2.40
2009.10.18 22:59:17.418,5.6106,5.6175,1.00,2.40
2009.10.18 22:59:17.638,5.6106,5.6182,1.00,1.00
2009.10.18 22:59:19.918,5.6108,5.6183,1.00,3.20
2009.10.18 22:59:34.384,5.6108,5.6183,1.00,2.40
2009.10.18 22:59:35.314,5.6108,5.6186,1.00,1.00
