2015.10.21 02:00:02.147,8.12273,8.12608,1.69,1.00
2015.10.21 02:00:07.624,8.12273,8.12598,1.69,1.00
2015.10.21 02:00:12.223,8.12273,8.12608,1.69,1.00
2015.10.21 02:00:14.837,8.12273,8.12618,1.69,1.00
2015.10.21 02:00:17.242,8.12273,8.12617,1.69,1.00
2015.10.21 02:00:17.641,8.12273,8.12608,1.69,1.00
2015.10.21 02:00:18.485,8.12273,8.12607,1.69,1.00
2015.10.21 02:00:19.086,8.12273,8.12608,1.69,1.00
2015.10.21 02:00:23.150,8.12273,8.12598,1.69,1.00
2015.10.21 02:00:30.361,8.12273,8.12597,1.69,1.00
2015.10.21 02:00:30.911,8.12273,8.12598,1.69,1.00
2015.10.21 02:00:33.164,8.12273,8.12588,1.69,1.00
2015.10.21 02:00:37.690,8.12282,8.12588,1.69,1.00
2015.10.21 02:00:38.587,8.12282,8.12587,1.69,1.00
2015.10.21 02:00:39.097,8.12283,8.12588,1.69,1.00
2015.10.21 02:00:40.676,8.12283,8.12598,1.69,1.00
2015.10.21 02:00:42.884,8.12283,8.12597,1.69,1.00
2015.10.21 02:00:43.087,8.12212,8.12588,1.69,1.00
2015.10.21 02:00:44.007,8.12212,8.12587,1.69,1.00
2015.10.21 02:00:44.058,8.12282,8.12587,1.69,1.00
2015.10.21 02:00:44.590,8.12282,8.12588,1.69,1.00
2015.10.21 02:00:45.046,8.12213,8.12588,1.69,1.00
2015.10.21 02:00:47.989,8.12213,8.12587,1.69,1.00
2015.10.21 02:00:49.613,8.12213,8.12588,1.69,1.00
2015.10.21 02:00:53.096,8.12213,8.12578,1.69,1.00
2015.10.21 02:00:56.303,8.12213,8.12577,1.69,1.00
2015.10.21 02:00:56.880,8.12213,8.12578,1.69,1.00
2015.10.21 02:00:57.425,8.12213,8.12577,1.69,1.00
2015.10.21 02:01:01.219,8.12213,8.12588,1.69,1.00
2015.10.21 02:01:01.624,8.12242,8.12588,1.00,1.00
2015.10.21 02:01:02.425,8.12292,8.12588,1.69,1.00
2015.10.21 02:01:03.320,8.12292,8.12598,1.69,1.00
2015.10.21 02:01:03.934,8.12292,8.12628,1.69,1.00
2015.10.21 02:01:04.320,8.12292,8.12618,1.69,1.00
2015.10.21 02:01:05.151,8.12292,8.12608,1.69,1.00
2015.10.21 02:01:06.125,8.12292,8.12597,1.69,1.00
2015.10.21 02:01:07.124,8.12292,8.12628,1.69,1.00
2015.10.21 02:01:07.849,8.12292,8.12627,1.69,1.00
2015.10.21 02:01:08.380,8.12232,8.12628,1.69,1.00
2015.10.21 02:01:08.431,8.12252,8.12628,1.00,1.00
2015.10.21 02:01:09.219,8.12232,8.12628,1.69,1.00
2015.10.21 02:01:10.946,8.12252,8.12628,1.00,1.00
2015.10.21 02:01:11.287,8.12232,8.12628,1.69,1.00
2015.10.21 02:01:11.532,8.12232,8.12638,1.69,1.00
2015.10.21 02:01:11.634,8.12232,8.12668,1.69,1.00
2015.10.21 02:01:11.736,8.12232,8.12678,1.69,1.00
2015.10.21 02:01:11.788,8.12302,8.12678,1.69,1.00
2015.10.21 02:01:12.048,8.12302,8.12688,1.69,1.00
2015.10.21 02:01:12.358,8.12302,8.12657,1.69,1.00
2015.10.21 02:01:12.907,8.12322,8.12657,1.69,1.00
2015.10.21 02:01:14.692,8.12322,8.12658,1.69,1.00
2015.10.21 02:01:16.349,8.12322,8.12648,1.69,1.00
2015.10.21 02:01:18.499,8.12322,8.12647,1.69,1.00
2015.10.21 02:01:20.167,8.12322,8.12658,1.69,1.00
2015.10.21 02:01:22.902,8.12322,8.12667,1.69,1.00
2015.10.21 02:01:23.693,8.12322,8.12668,1.69,1.00
2015.10.21 02:01:24.892,8.12322,8.12658,1.69,1.00
2015.10.21 02:01:33.278,8.12322,8.12648,1.69,1.00
2015.10.21 02:01:34.616,8.12322,8.12658,1.69,1.00
2015.10.21 02:01:41.391,8.12322,8.12668,1.69,1.00
2015.10.21 02:01:42.497,8.12322,8.12658,1.69,1.00
2015.10.21 02:01:43.144,8.12322,8.12657,1.69,1.00
2015.10.21 02:01:43.678,8.12322,8.12658,1.69,1.00
2015.10.21 02:01:44.605,8.12322,8.12667,1.69,1.00
2015.10.21 02:01:45.535,8.12322,8.12668,1.69,1.00
2015.10.21 02:01:46.609,8.12322,8.12678,1.69,1.00
2015.10.21 02:01:48.643,8.12322,8.12677,1.69,1.00
2015.10.21 02:01:50.906,8.12322,8.12658,1.69,1.00
2015.10.21 02:01:52.044,8.12322,8.12657,1.69,1.00
2015.10.21 02:01:52.584,8.12322,8.12658,1.69,1.00
2015.10.21 02:01:54.450,8.12322,8.12678,1.69,1.00
2015.10.21 02:01:57.425,8.12322,8.12698,1.69,1.00
2015.10.21 02:01:58.959,8.12322,8.12678,2.44,1.00
2015.10.21 02:02:00.662,8.12322,8.12677,1.69,1.00
2015.10.21 02:02:01.205,8.12322,8.12678,1.69,1.00
2015.10.21 02:02:01.516,8.12392,8.12678,1.69,1.00
2015.10.21 02:02:02.430,8.12392,8.12667,1.69,1.00
2015.10.21 02:02:03.245,8.12392,8.12668,1.69,1.00
2015.10.21 02:02:03.471,8.12392,8.12677,1.69,1.00
2015.10.21 02:02:04.004,8.12392,8.12678,1.69,1.00
2015.10.21 02:02:04.374,8.12322,8.12678,1.69,1.00
2015.10.21 02:02:04.876,8.12322,8.12677,1.69,1.00
2015.10.21 02:02:05.386,8.12322,8.12678,1.69,1.00
2015.10.21 02:02:05.677,8.12322,8.12668,1.69,1.00
2015.10.21 02:02:06.637,8.12322,8.12667,1.69,1.00
2015.10.21 02:02:07.238,8.12322,8.12668,1.69,1.00
2015.10.21 02:02:07.885,8.12322,8.12667,1.69,1.00
2015.10.21 02:02:08.433,8.12322,8.12668,1.69,1.00
2015.10.21 02:02:09.384,8.12322,8.12667,1.69,1.00
2015.10.21 02:02:10.065,8.12322,8.12668,1.69,1.00
2015.10.21 02:02:11.361,8.12322,8.12657,1.69,1.00
2015.10.21 02:02:11.942,8.12322,8.12658,1.69,1.00
2015.10.21 02:02:12.794,8.12322,8.12657,1.69,1.00
2015.10.21 02:02:13.445,8.12322,8.12658,1.69,1.00
2015.10.21 02:02:14.053,8.12322,8.12657,1.69,1.00
2015.10.21 02:02:14.763,8.12322,8.12658,1.69,1.00
2015.10.21 02:02:15.657,8.12322,8.12667,1.69,1.00
2015.10.21 02:02:16.243,8.12322,8.12668,1.69,1.00
2015.10.21 02:02:20.694,8.12322,8.12667,1.69,1.00
2015.10.21 02:02:20.896,8.12392,8.12667,1.69,1.00
2015.10.21 02:02:21.493,8.12392,8.12668,1.69,1.00
2015.10.21 02:02:22.271,8.12392,8.12667,1.69,1.00
2015.10.21 02:02:22.871,8.12392,8.12668,1.69,1.00
2015.10.21 02:02:23.806,8.12392,8.12667,1.69,1.00
2015.10.21 02:02:23.908,8.12392,8.12688,1.69,1.00
2015.10.21 02:02:25.378,8.12392,8.12687,1.69,1.00
2015.10.21 02:02:26.178,8.12392,8.12688,1.69,1.00
2015.10.21 02:02:27.580,8.12392,8.12687,1.69,1.00
2015.10.21 02:02:28.119,8.12392,8.12688,1.69,1.00
2015.10.21 02:02:29.691,8.12392,8.12687,1.69,1.00
2015.10.21 02:02:30.385,8.12392,8.12668,1.69,1.00
2015.10.21 02:02:33.121,8.12392,8.12667,1.69,1.00
2015.10.21 02:02:34.291,8.12392,8.12668,1.69,1.00
2015.10.21 02:02:34.908,8.12392,8.12667,1.69,1.00
2015.10.21 02:02:36.096,8.12392,8.12668,1.69,1.00
2015.10.21 02:02:36.399,8.12392,8.12658,1.69,1.00
2015.10.21 02:02:36.748,8.12392,8.12648,1.69,1.00
2015.10.21 02:02:37.885,8.12392,8.12638,1.69,1.00
2015.10.21 02:02:39.003,8.12312,8.12638,1.69,1.00
2015.10.21 02:02:40.820,8.12312,8.12637,1.69,1.00
2015.10.21 02:02:41.357,8.12312,8.12638,1.69,1.00
2015.10.21 02:02:41.633,8.12312,8.12658,1.69,1.00
2015.10.21 02:02:42.244,8.12312,8.12657,1.69,1.00
2015.10.21 02:02:42.609,8.12312,8.12648,1.69,1.00
2015.10.21 02:02:43.820,8.12312,8.12638,1.69,1.00
2015.10.21 02:02:59.452,8.12312,8.12637,1.69,1.00
2015.10.21 02:02:59.992,8.12312,8.12638,1.69,1.00
2015.10.21 02:03:01.342,8.12312,8.12647,1.69,1.00
2015.10.21 02:03:01.843,8.12312,8.12648,1.69,1.00
2015.10.21 02:03:02.383,8.12312,8.12637,1.69,1.00
2015.10.21 02:03:02.880,8.12292,8.12638,1.69,1.00
2015.10.21 02:03:03.649,8.12292,8.12648,1.69,1.00
2015.10.21 02:03:04.661,8.12292,8.12638,1.69,1.00
2015.10.21 02:03:05.764,8.12292,8.12628,1.69,1.00
2015.10.21 02:03:13.324,8.12313,8.12628,1.69,1.00
2015.10.21 02:03:13.607,8.12313,8.12638,1.69,1.00
2015.10.21 02:03:13.864,8.12313,8.12648,1.69,1.00
2015.10.21 02:03:14.666,8.12313,8.12638,1.69,1.00
2015.10.21 02:03:15.668,8.12313,8.12648,1.69,1.00
2015.10.21 02:03:19.174,8.12313,8.12638,1.69,1.00
2015.10.21 02:03:34.216,8.12313,8.12657,1.69,1.00
2015.10.21 02:03:34.420,8.12313,8.12668,1.69,1.00
2015.10.21 02:03:34.694,8.12313,8.12658,1.69,1.00
2015.10.21 02:03:35.034,8.12313,8.12647,1.69,1.00
2015.10.21 02:03:35.546,8.12313,8.12648,1.69,1.00
2015.10.21 02:03:36.935,8.12313,8.12658,1.69,1.00
2015.10.21 02:03:38.110,8.12313,8.12647,1.69,1.00
2015.10.21 02:03:38.211,8.12313,8.12658,1.69,1.00
2015.10.21 02:03:39.404,8.12313,8.12657,1.69,1.00
2015.10.21 02:03:40.106,8.12313,8.12648,1.69,1.00
2015.10.21 02:03:44.412,8.12313,8.12638,1.69,1.00
2015.10.21 02:04:07.845,8.12313,8.12637,1.69,1.00
2015.10.21 02:04:08.430,8.12313,8.12638,1.69,1.00
2015.10.21 02:04:08.947,8.12313,8.12648,1.69,1.00
2015.10.21 02:04:09.470,8.12313,8.12647,1.69,1.00
2015.10.21 02:04:09.850,8.12313,8.12668,1.69,1.00
2015.10.21 02:04:10.951,8.12313,8.12658,1.69,1.00
2015.10.21 02:04:11.781,8.12313,8.12657,1.69,1.00
2015.10.21 02:04:12.355,8.12313,8.12658,1.69,1.00
2015.10.21 02:04:13.362,8.12282,8.12658,1.00,1.00
2015.10.21 02:04:13.463,8.12242,8.12658,1.00,1.00
2015.10.21 02:04:13.664,8.12242,8.12647,1.00,1.00
2015.10.21 02:04:14.257,8.12242,8.12648,1.00,1.00
2015.10.21 02:04:18.865,8.12242,8.12658,1.00,1.00
2015.10.21 02:04:19.866,8.12242,8.12647,1.00,1.00
2015.10.21 02:04:20.459,8.12242,8.12658,1.00,1.00
2015.10.21 02:04:20.867,8.12242,8.12648,1.00,1.00
2015.10.21 02:04:21.602,8.12242,8.12647,1.00,1.00
2015.10.21 02:04:22.180,8.12242,8.12648,1.00,1.00
2015.10.21 02:04:39.925,8.12242,8.12658,1.00,1.00
2015.10.21 02:04:40.192,8.12272,8.12657,1.00,1.00
2015.10.21 02:04:40.770,8.12272,8.12658,1.00,1.00
2015.10.21 02:04:41.092,8.12272,8.12648,1.00,1.00
2015.10.21 02:04:42.611,8.12272,8.12658,1.00,1.00
2015.10.21 02:04:43.175,8.12272,8.12657,1.00,1.00
2015.10.21 02:04:43.896,8.12272,8.12658,1.00,1.00
2015.10.21 02:04:43.998,8.12242,8.12658,1.00,1.00
2015.10.21 02:04:45.941,8.12242,8.12657,1.00,1.00
2015.10.21 02:04:46.410,8.12282,8.12658,1.00,1.00
2015.10.21 02:04:46.951,8.12282,8.12657,1.00,1.00
2015.10.21 02:04:47.532,8.12282,8.12658,1.00,1.00
2015.10.21 02:04:49.145,8.12282,8.12657,1.00,1.00
2015.10.21 02:04:49.196,8.12242,8.12657,1.00,1.00
2015.10.21 02:04:49.841,8.12242,8.12658,1.00,1.00
2015.10.21 02:05:00.664,8.12242,8.12678,1.00,1.00
2015.10.21 02:05:01.920,8.12283,8.12678,1.00,1.00
2015.10.21 02:05:02.181,8.12252,8.12677,1.00,1.00
2015.10.21 02:05:02.603,8.12222,8.12678,1.00,1.00
2015.10.21 02:05:05.364,8.12222,8.12667,1.00,1.00
2015.10.21 02:05:06.805,8.12222,8.12668,1.00,1.00
2015.10.21 02:05:07.862,8.12222,8.12647,1.00,1.00
2015.10.21 02:05:08.400,8.12222,8.12648,1.00,1.00
2015.10.21 02:05:39.243,8.12222,8.12658,1.00,1.00
2015.10.21 02:05:42.512,8.12252,8.12658,1.00,1.00
2015.10.21 02:05:42.918,8.12252,8.12667,1.00,1.00
2015.10.21 02:05:52.883,8.12252,8.12658,1.00,1.00
2015.10.21 02:05:53.199,8.12382,8.12658,1.69,1.00
2015.10.21 02:05:53.945,8.12322,8.12658,1.69,1.00
2015.10.21 02:05:54.683,8.12322,8.12657,1.69,1.00
2015.10.21 02:05:55.341,8.12322,8.12658,1.69,1.00
2015.10.21 02:05:59.517,8.12383,8.12658,1.69,1.00
2015.10.21 02:06:00.431,8.12313,8.12658,1.69,1.00
2015.10.21 02:06:05.068,8.12313,8.12657,1.69,1.00
2015.10.21 02:06:30.091,8.12313,8.12668,1.69,1.00
2015.10.21 02:06:30.293,8.12313,8.12688,1.69,1.00
2015.10.21 02:06:31.092,8.12313,8.12687,1.69,1.00
2015.10.21 02:06:31.232,8.12392,8.12688,1.69,1.00
2015.10.21 02:06:31.794,8.12392,8.12678,1.69,1.00
2015.10.21 02:06:32.601,8.12392,8.12677,1.69,1.00
2015.10.21 02:06:47.034,8.12392,8.12747,1.69,1.00
2015.10.21 02:06:47.236,8.12392,8.12738,1.69,1.00
2015.10.21 02:06:47.414,8.12392,8.12757,1.69,1.00
2015.10.21 02:06:48.011,8.12392,8.12758,1.69,1.00
2015.10.21 02:06:48.625,8.12392,8.12747,1.69,1.00
2015.10.21 02:06:48.970,8.12392,8.12727,1.69,1.00
2015.10.21 02:06:49.092,8.12342,8.12727,1.69,1.00
2015.10.21 02:06:49.238,8.12342,8.12708,1.69,1.00
2015.10.21 02:06:49.340,8.12342,8.12728,1.69,1.00
2015.10.21 02:06:49.893,8.12342,8.12727,1.69,1.00
2015.10.21 02:06:50.071,8.12342,8.12718,1.69,1.00
2015.10.21 02:06:50.181,8.12312,8.12718,1.69,1.00
2015.10.21 02:06:50.655,8.12312,8.12708,1.69,1.00
2015.10.21 02:06:50.706,8.12293,8.12708,2.44,1.00
2015.10.21 02:06:50.958,8.12293,8.12698,2.44,1.00
2015.10.21 02:06:51.833,8.12293,8.12697,2.44,1.00
2015.10.21 02:06:52.206,8.12293,8.12688,2.44,1.00
2015.10.21 02:06:52.635,8.12293,8.12678,1.69,1.00
2015.10.21 02:06:52.939,8.12252,8.12668,1.69,1.00
2015.10.21 02:06:53.434,8.12252,8.12657,1.69,1.00
2015.10.21 02:06:53.776,8.12252,8.12648,1.69,1.00
2015.10.21 02:06:54.372,8.12252,8.12638,1.69,1.00
2015.10.21 02:06:56.546,8.12252,8.12628,1.69,1.00
2015.10.21 02:06:56.951,8.12252,8.12638,1.69,1.00
2015.10.21 02:06:57.154,8.12252,8.12627,1.69,1.00
2015.10.21 02:06:57.565,8.12252,8.12618,1.69,1.00
2015.10.21 02:06:58.453,8.12252,8.12627,1.69,1.00
2015.10.21 02:06:58.995,8.12252,8.12628,1.69,1.00
2015.10.21 02:07:00.495,8.12252,8.12618,1.69,1.00
2015.10.21 02:07:01.906,8.12252,8.12628,1.69,1.00
2015.10.21 02:07:02.201,8.12252,8.12608,1.69,1.00
2015.10.21 02:07:03.503,8.12252,8.12607,1.69,1.00
2015.10.21 02:07:04.112,8.12252,8.12608,1.69,1.00
2015.10.21 02:07:04.472,8.12252,8.12597,1.69,1.00
2015.10.21 02:07:05.005,8.12252,8.12598,1.69,1.00
2015.10.21 02:07:05.083,8.12252,8.12608,1.69,1.00
2015.10.21 02:07:05.284,8.12252,8.12598,1.69,1.00
2015.10.21 02:07:06.411,8.12252,8.12608,1.69,1.00
2015.10.21 02:07:07.122,8.12252,8.12598,1.69,1.00
2015.10.21 02:07:07.399,8.12252,8.12617,1.69,1.00
2015.10.21 02:07:07.901,8.12252,8.12618,1.69,1.00
2015.10.21 02:07:09.433,8.12252,8.12608,1.69,1.00
2015.10.21 02:07:09.910,8.12252,8.12617,1.69,1.00
2015.10.21 02:07:11.137,8.12252,8.12618,1.69,1.00
2015.10.21 02:07:11.441,8.12252,8.12608,1.69,1.00
2015.10.21 02:07:12.076,8.12252,8.12607,1.69,1.00
2015.10.21 02:07:12.580,8.12252,8.12608,1.69,1.00
2015.10.21 02:07:13.452,8.12252,8.12618,1.69,1.00
2015.10.21 02:07:13.921,8.12252,8.12608,1.69,1.00
2015.10.21 02:07:14.423,8.12252,8.12617,1.69,1.00
2015.10.21 02:07:15.146,8.12252,8.12618,1.69,1.00
2015.10.21 02:07:18.251,8.12252,8.12628,1.69,1.00
2015.10.21 02:07:18.571,8.12252,8.12638,1.69,1.00
2015.10.21 02:07:18.982,8.12252,8.12648,1.69,1.00
2015.10.21 02:07:19.235,8.12283,8.12648,1.69,1.00
2015.10.21 02:07:19.336,8.12283,8.12658,1.69,1.00
2015.10.21 02:07:19.502,8.12292,8.12658,1.00,1.00
2015.10.21 02:07:19.789,8.12283,8.12658,1.69,1.00
2015.10.21 02:07:20.355,8.12283,8.12657,1.69,1.00
2015.10.21 02:07:20.737,8.12283,8.12668,1.69,1.00
2015.10.21 02:07:20.788,8.12292,8.12668,1.00,1.00
2015.10.21 02:07:21.000,8.12283,8.12668,1.69,1.00
2015.10.21 02:07:22.253,8.12283,8.12667,1.69,1.00
2015.10.21 02:07:22.455,8.12283,8.12648,1.69,1.00
2015.10.21 02:07:24.364,8.12283,8.12638,1.69,1.00
2015.10.21 02:07:24.680,8.12283,8.12628,1.69,1.00
2015.10.21 02:07:24.848,8.12283,8.12638,1.69,1.00
2015.10.21 02:07:25.952,8.12283,8.12637,1.69,1.00
2015.10.21 02:07:26.151,8.12283,8.12628,1.69,1.00
2015.10.21 02:07:26.953,8.12283,8.12627,1.69,1.00
2015.10.21 02:07:27.513,8.12283,8.12628,1.69,1.00
2015.10.21 02:07:28.054,8.12283,8.12627,1.69,1.00
2015.10.21 02:07:29.792,8.12283,8.12617,1.69,1.00
2015.10.21 02:07:30.125,8.12283,8.12607,1.69,1.00
2015.10.21 02:07:30.176,8.12283,8.12618,1.69,1.00
2015.10.21 02:07:30.227,8.12242,8.12618,1.69,1.00
2015.10.21 02:07:30.379,8.12262,8.12617,1.00,1.00
2015.10.21 02:07:30.569,8.12242,8.12617,1.69,1.00
2015.10.21 02:07:31.115,8.12242,8.12618,1.69,1.00
2015.10.21 02:07:31.478,8.12242,8.12608,1.69,1.00
2015.10.21 02:07:32.361,8.12242,8.12618,1.69,1.00
2015.10.21 02:07:33.515,8.12242,8.12608,1.69,1.00
2015.10.21 02:07:35.873,8.12242,8.12618,1.69,1.00
2015.10.21 02:07:37.125,8.12313,8.12618,1.69,1.00
2015.10.21 02:07:38.993,8.12313,8.12617,1.69,1.00
2015.10.21 02:07:40.230,8.12313,8.12618,1.69,1.00
2015.10.21 02:07:42.302,8.12313,8.12617,1.69,1.00
2015.10.21 02:07:43.100,8.12313,8.12618,1.69,1.00
2015.10.21 02:07:43.775,8.12313,8.12617,1.69,1.00
2015.10.21 02:07:47.891,8.12313,8.12618,1.69,1.00
2015.10.21 02:07:54.202,8.12313,8.12608,1.69,1.00
2015.10.21 02:08:00.418,8.12313,8.12607,1.69,1.00
2015.10.21 02:08:00.859,8.12313,8.12618,1.69,1.00
2015.10.21 02:08:02.918,8.12313,8.12617,1.69,1.00
2015.10.21 02:08:04.637,8.12313,8.12618,1.69,1.00
2015.10.21 02:08:05.650,8.12313,8.12617,1.69,1.00
2015.10.21 02:08:06.191,8.12313,8.12618,1.69,1.00
2015.10.21 02:08:13.436,8.12313,8.12627,1.69,1.00
2015.10.21 02:08:17.058,8.12313,8.12628,1.69,1.00
2015.10.21 02:08:18.361,8.12313,8.12627,1.69,1.00
2015.10.21 02:08:19.359,8.12313,8.12628,1.69,1.00
2015.10.21 02:08:19.761,8.12313,8.12658,1.69,1.00
2015.10.21 02:08:19.863,8.12313,8.12667,1.69,1.00
2015.10.21 02:08:19.913,8.12352,8.12667,1.69,1.00
2015.10.21 02:08:19.965,8.12352,8.12678,1.69,1.00
2015.10.21 02:08:21.252,8.12352,8.12668,1.69,1.00
2015.10.21 02:08:21.855,8.12352,8.12667,1.69,1.00
2015.10.21 02:08:22.755,8.12352,8.12668,1.69,1.00
2015.10.21 02:08:23.327,8.12352,8.12667,1.69,1.00
2015.10.21 02:08:23.958,8.12352,8.12668,1.69,1.00
2015.10.21 02:08:26.068,8.12352,8.12667,1.69,1.00
2015.10.21 02:08:26.575,8.12352,8.12657,1.69,1.00
2015.10.21 02:08:27.125,8.12352,8.12658,1.69,1.00
2015.10.21 02:08:28.089,8.12352,8.12657,1.69,1.00
2015.10.21 02:08:28.629,8.12352,8.12658,1.69,1.00
2015.10.21 02:08:30.785,8.12352,8.12657,1.69,1.00
2015.10.21 02:08:31.973,8.12352,8.12658,1.69,1.00
2015.10.21 02:08:33.075,8.12352,8.12657,1.69,1.00
2015.10.21 02:08:33.633,8.12352,8.12658,1.69,1.00
2015.10.21 02:08:35.593,8.12352,8.12657,1.69,1.00
2015.10.21 02:08:36.341,8.12352,8.12658,1.69,1.00
2015.10.21 02:08:38.093,8.12352,8.12657,1.69,1.00
2015.10.21 02:08:38.633,8.12352,8.12658,1.69,1.00
2015.10.21 02:08:41.825,8.12352,8.12648,1.69,1.00
2015.10.21 02:08:43.303,8.12352,8.12647,1.69,1.00
2015.10.21 02:08:43.820,8.12352,8.12638,1.69,1.00
2015.10.21 02:08:47.458,8.12352,8.12628,1.69,1.00
2015.10.21 02:08:47.562,8.12322,8.12628,1.69,1.00
2015.10.21 02:08:47.915,8.12322,8.12638,1.69,1.00
2015.10.21 02:08:49.702,8.12322,8.12637,1.69,1.00
2015.10.21 02:08:50.502,8.12322,8.12638,1.69,1.00
2015.10.21 02:08:50.627,8.12322,8.12648,1.69,1.00
2015.10.21 02:08:51.120,8.12322,8.12638,1.69,1.00
2015.10.21 02:08:52.019,8.12322,8.12637,1.69,1.00
2015.10.21 02:08:52.814,8.12322,8.12638,1.69,1.00
2015.10.21 02:09:01.353,8.12322,8.12627,1.69,1.00
2015.10.21 02:09:01.858,8.12322,8.12628,1.69,1.00
2015.10.21 02:09:02.736,8.12322,8.12627,1.69,1.00
2015.10.21 02:09:03.329,8.12322,8.12628,1.69,1.00
2015.10.21 02:09:03.639,8.12322,8.12617,1.69,1.00
2015.10.21 02:09:03.998,8.12322,8.12607,1.69,1.00
2015.10.21 02:09:04.540,8.12322,8.12608,1.69,1.00
2015.10.21 02:09:05.143,8.12322,8.12617,1.69,1.00
2015.10.21 02:09:05.831,8.12322,8.12618,1.69,1.00
2015.10.21 02:09:06.333,8.12322,8.12617,1.69,1.00
2015.10.21 02:09:06.943,8.12322,8.12618,1.69,1.00
2015.10.21 02:09:07.134,8.12322,8.12608,1.69,1.00
2015.10.21 02:09:16.149,8.12322,8.12607,1.69,1.00
2015.10.21 02:09:23.587,8.12322,8.12608,1.69,1.00
2015.10.21 02:09:24.677,8.12322,8.12598,1.69,1.00
2015.10.21 02:09:25.667,8.12322,8.12607,1.69,1.00
2015.10.21 02:09:26.180,8.12322,8.12608,1.69,1.00
2015.10.21 02:09:27.165,8.12322,8.12598,1.69,1.00
2015.10.21 02:09:43.107,8.12322,8.12578,1.69,1.00
2015.10.21 02:09:45.839,8.12322,8.12577,1.69,1.00
2015.10.21 02:09:46.711,8.12322,8.12578,1.69,1.00
2015.10.21 02:09:47.766,8.12212,8.12578,1.00,1.00
2015.10.21 02:09:48.176,8.12252,8.12578,1.00,1.00
2015.10.21 02:09:48.757,8.12252,8.12577,1.00,1.00
2015.10.21 02:09:49.396,8.12252,8.12578,1.00,1.00
2015.10.21 02:09:49.936,8.12213,8.12578,1.00,1.00
2015.10.21 02:09:51.476,8.12252,8.12578,1.00,1.00
2015.10.21 02:09:51.822,8.12212,8.12578,1.00,1.00
2015.10.21 02:09:51.923,8.12212,8.12588,1.00,1.00
2015.10.21 02:09:52.056,8.12252,8.12587,1.00,1.00
2015.10.21 02:09:52.209,8.12252,8.12598,1.00,1.00
2015.10.21 02:09:52.260,8.12282,8.12598,1.00,1.00
2015.10.21 02:09:52.310,8.12282,8.12607,1.00,1.00
2015.10.21 02:09:52.514,8.12282,8.12618,1.00,1.00
2015.10.21 02:09:52.725,8.12282,8.12628,1.00,1.00
2015.10.21 02:09:53.231,8.12282,8.12608,1.00,1.00
2015.10.21 02:09:53.606,8.12282,8.12598,1.00,1.00
2015.10.21 02:09:53.896,8.12232,8.12598,1.00,1.00
2015.10.21 02:09:55.020,8.12182,8.12588,1.00,1.00
2015.10.21 02:09:56.316,8.12252,8.12588,1.00,1.00
2015.10.21 02:09:57.441,8.12192,8.12588,1.00,1.00
2015.10.21 02:09:59.344,8.12192,8.12587,1.00,1.00
2015.10.21 02:09:59.516,8.12262,8.12588,1.00,1.00
2015.10.21 02:09:59.726,8.12203,8.12588,1.00,1.00
2015.10.21 02:10:00.536,8.12252,8.12588,1.00,1.00
2015.10.21 02:10:01.106,8.12212,8.12588,1.00,1.00
2015.10.21 02:10:01.494,8.12262,8.12588,1.00,1.00
2015.10.21 02:10:02.146,8.12222,8.12588,1.00,1.00
2015.10.21 02:10:02.829,8.12222,8.12587,1.00,1.00
2015.10.21 02:10:04.355,8.12252,8.12588,1.00,1.00
2015.10.21 02:10:04.718,8.12223,8.12588,1.00,1.00
2015.10.21 02:10:07.335,8.12182,8.12588,1.00,1.00
2015.10.21 02:10:08.198,8.12252,8.12588,1.00,1.00
2015.10.21 02:10:09.298,8.12192,8.12588,1.00,1.00
2015.10.21 02:10:10.443,8.12192,8.12587,1.00,1.00
2015.10.21 02:10:11.381,8.12192,8.12588,1.00,1.00
2015.10.21 02:10:11.431,8.12252,8.12588,1.00,1.00
2015.10.21 02:10:11.656,8.12252,8.12598,1.00,1.00
2015.10.21 02:10:12.146,8.12202,8.12598,1.00,1.00
2015.10.21 02:10:12.659,8.12202,8.12597,1.00,1.00
2015.10.21 02:10:12.748,8.12202,8.12588,1.00,1.00
2015.10.21 02:10:13.081,8.12252,8.12588,1.00,1.00
2015.10.21 02:10:13.148,8.12203,8.12588,1.00,1.00
2015.10.21 02:10:19.189,8.12203,8.12608,1.00,1.00
2015.10.21 02:10:19.308,8.12242,8.12608,1.00,1.00
2015.10.21 02:10:19.564,8.12242,8.12618,1.00,1.00
2015.10.21 02:10:19.779,8.12242,8.12627,1.00,1.00
2015.10.21 02:10:19.866,8.12242,8.12638,1.00,1.00
2015.10.21 02:10:20.761,8.12213,8.12638,1.00,1.00
2015.10.21 02:10:20.973,8.12213,8.12628,1.00,1.00
2015.10.21 02:10:26.125,8.12213,8.12638,1.00,1.00
2015.10.21 02:10:26.176,8.12252,8.12638,1.00,1.00
2015.10.21 02:10:26.684,8.12282,8.12638,1.00,1.00
2015.10.21 02:10:26.936,8.12242,8.12637,1.00,1.00
2015.10.21 02:10:27.520,8.12242,8.12628,1.00,1.00
2015.10.21 02:10:27.888,8.12252,8.12628,1.00,1.00
2015.10.21 02:10:28.657,8.12282,8.12628,1.00,1.00
2015.10.21 02:10:28.894,8.12252,8.12628,1.00,1.00
2015.10.21 02:10:29.896,8.12252,8.12627,1.00,1.00
2015.10.21 02:10:30.197,8.12212,8.12628,1.00,1.00
2015.10.21 02:10:34.700,8.12212,8.12638,1.00,1.00
2015.10.21 02:10:36.408,8.12252,8.12638,1.00,1.00
2015.10.21 02:10:37.506,8.12223,8.12637,1.00,1.00
2015.10.21 02:10:38.057,8.12223,8.12638,1.00,1.00
2015.10.21 02:10:38.447,8.12273,8.12638,1.00,1.00
2015.10.21 02:10:38.711,8.12222,8.12638,1.00,1.00
2015.10.21 02:10:41.631,8.12222,8.12628,1.00,1.00
2015.10.21 02:10:42.957,8.12262,8.12628,1.00,1.00
2015.10.21 02:10:44.157,8.12262,8.12627,1.00,1.00
2015.10.21 02:10:44.400,8.12223,8.12628,1.00,1.00
2015.10.21 02:10:45.157,8.12262,8.12628,1.00,1.00
2015.10.21 02:10:45.676,8.12262,8.12627,1.00,1.00
2015.10.21 02:10:46.075,8.12223,8.12627,1.00,1.00
2015.10.21 02:10:46.610,8.12223,8.12628,1.00,1.00
2015.10.21 02:10:47.706,8.12272,8.12628,1.00,1.00
2015.10.21 02:10:48.017,8.12222,8.12627,1.00,1.00
2015.10.21 02:10:48.930,8.12222,8.12628,1.00,1.00
2015.10.21 02:10:49.459,8.12222,8.12627,1.00,1.00
2015.10.21 02:11:01.348,8.12262,8.12627,1.00,1.00
2015.10.21 02:11:01.677,8.12262,8.12617,1.00,1.00
2015.10.21 02:11:01.779,8.12232,8.12617,1.00,1.00
2015.10.21 02:11:02.347,8.12232,8.12618,1.00,1.00
2015.10.21 02:11:02.502,8.12232,8.12607,1.00,1.00
2015.10.21 02:11:02.856,8.12232,8.12598,1.00,1.00
2015.10.21 02:11:07.062,8.12232,8.12588,1.00,1.00
2015.10.21 02:11:08.822,8.12192,8.12588,1.00,1.00
2015.10.21 02:11:15.956,8.12232,8.12588,1.00,1.00
2015.10.21 02:11:16.286,8.12202,8.12588,1.00,1.00
2015.10.21 02:11:16.775,8.12202,8.12598,1.00,1.00
2015.10.21 02:11:16.876,8.12232,8.12598,1.00,1.00
2015.10.21 02:11:16.978,8.12232,8.12608,1.00,1.00
2015.10.21 02:11:17.170,8.12263,8.12608,1.00,1.00
2015.10.21 02:11:17.620,8.12223,8.12607,1.00,1.00
2015.10.21 02:11:18.226,8.12223,8.12608,1.00,1.00
2015.10.21 02:11:18.480,8.12223,8.12598,1.00,1.00
2015.10.21 02:11:18.808,8.12223,8.12588,1.00,1.00
2015.10.21 02:11:19.146,8.12252,8.12588,1.00,1.00
2015.10.21 02:11:19.411,8.12202,8.12588,1.00,1.00
2015.10.21 02:11:19.935,8.12202,8.12587,1.00,1.00
2015.10.21 02:11:20.136,8.12232,8.12587,1.00,1.00
2015.10.21 02:11:20.357,8.12192,8.12587,1.00,1.00
2015.10.21 02:11:21.126,8.12232,8.12587,1.00,1.00
2015.10.21 02:11:21.469,8.12202,8.12587,1.00,1.00
2015.10.21 02:11:23.216,8.12232,8.12587,1.00,1.00
2015.10.21 02:11:23.436,8.12202,8.12587,1.00,1.00
2015.10.21 02:11:24.206,8.12232,8.12587,1.00,1.00
2015.10.21 02:11:24.426,8.12202,8.12587,1.00,1.00
2015.10.21 02:11:26.186,8.12233,8.12587,1.00,1.00
2015.10.21 02:11:26.407,8.12202,8.12587,1.00,1.00
2015.10.21 02:11:27.176,8.12233,8.12587,1.00,1.00
2015.10.21 02:11:27.396,8.12203,8.12587,1.00,1.00
2015.10.21 02:11:28.166,8.12232,8.12587,1.00,1.00
2015.10.21 02:11:28.387,8.12192,8.12587,1.00,1.00
2015.10.21 02:11:29.156,8.12232,8.12587,1.00,1.00
2015.10.21 02:11:29.376,8.12202,8.12587,1.00,1.00
2015.10.21 02:11:33.006,8.12232,8.12587,1.00,1.00
2015.10.21 02:11:33.226,8.12202,8.12587,1.00,1.00
2015.10.21 02:11:34.205,8.12202,8.12588,1.00,1.00
2015.10.21 02:11:34.877,8.12162,8.12588,1.00,1.00
2015.10.21 02:11:35.771,8.12212,8.12598,1.00,1.00
2015.10.21 02:11:36.129,8.12242,8.12598,1.00,1.00
2015.10.21 02:11:36.230,8.12202,8.12588,1.00,1.00
2015.10.21 02:11:48.406,8.12242,8.12588,1.00,1.00
2015.10.21 02:11:48.627,8.12212,8.12587,1.00,1.00
2015.10.21 02:11:49.186,8.12242,8.12587,1.00,1.00
2015.10.21 02:11:49.664,8.12242,8.12597,1.00,1.00
2015.10.21 02:11:49.866,8.12212,8.12597,1.00,1.00
2015.10.21 02:11:50.638,8.12212,8.12598,1.00,1.00
2015.10.21 02:11:51.376,8.12242,8.12598,1.00,1.00
2015.10.21 02:11:51.596,8.12212,8.12598,1.00,1.00
2015.10.21 02:11:53.835,8.12242,8.12598,1.00,1.00
2015.10.21 02:11:54.037,8.12182,8.12598,1.00,1.00
2015.10.21 02:11:55.449,8.12182,8.12607,1.00,1.00
2015.10.21 02:11:56.016,8.12182,8.12608,1.00,1.00
2015.10.21 02:11:56.569,8.12182,8.12607,1.00,1.00
2015.10.21 02:11:57.094,8.12182,8.12608,1.00,1.00
2015.10.21 02:11:59.657,8.12182,8.12598,1.00,1.00
2015.10.21 02:12:02.061,8.12182,8.12597,1.00,1.00
2015.10.21 02:12:02.862,8.12182,8.12587,1.00,1.00
2015.10.21 02:12:03.663,8.12182,8.12588,1.00,1.00
2015.10.21 02:12:04.438,8.12182,8.12587,1.00,1.00
2015.10.21 02:12:06.669,8.12182,8.12588,1.00,1.00
2015.10.21 02:12:07.088,8.12232,8.12588,1.00,1.00
2015.10.21 02:12:07.186,8.12202,8.12588,1.00,1.00
2015.10.21 02:12:09.065,8.12162,8.12588,1.00,1.00
2015.10.21 02:12:09.715,8.12222,8.12588,1.00,1.00
2015.10.21 02:12:10.381,8.12222,8.12587,1.00,1.00
2015.10.21 02:12:10.919,8.12222,8.12588,1.00,1.00
2015.10.21 02:12:11.702,8.12222,8.12587,1.00,1.00
2015.10.21 02:12:11.956,8.12162,8.12588,1.00,1.00
2015.10.21 02:12:12.135,8.12222,8.12588,1.00,1.00
2015.10.21 02:12:12.373,8.12182,8.12588,1.00,1.00
2015.10.21 02:12:13.008,8.12182,8.12587,1.00,1.00
2015.10.21 02:12:13.682,8.12182,8.12588,1.00,1.00
2015.10.21 02:12:14.133,8.12222,8.12588,1.00,1.00
2015.10.21 02:12:15.882,8.12163,8.12588,1.00,1.00
2015.10.21 02:12:16.135,8.12222,8.12588,1.00,1.00
2015.10.21 02:12:16.884,8.12183,8.12588,1.00,1.00
2015.10.21 02:12:18.185,8.12232,8.12588,1.00,1.00
2015.10.21 02:12:18.449,8.12203,8.12587,1.00,1.00
2015.10.21 02:12:19.591,8.12203,8.12578,1.00,1.00
2015.10.21 02:12:20.842,8.12203,8.12577,1.00,1.00
2015.10.21 02:12:21.192,8.12192,8.12577,1.00,1.00
2015.10.21 02:12:22.328,8.12192,8.12578,1.00,1.00
2015.10.21 02:12:23.180,8.12232,8.12578,1.00,1.00
2015.10.21 02:12:23.685,8.12192,8.12578,1.00,1.00
2015.10.21 02:12:24.376,8.12232,8.12578,1.00,1.00
2015.10.21 02:12:24.675,8.12202,8.12578,1.00,1.00
2015.10.21 02:12:31.209,8.12202,8.12598,1.00,1.00
2015.10.21 02:12:31.496,8.12253,8.12598,1.00,1.00
2015.10.21 02:12:32.061,8.12222,8.12598,1.00,1.00
2015.10.21 02:12:32.852,8.12222,8.12608,1.00,1.00
2015.10.21 02:12:32.957,8.12253,8.12607,1.00,1.00
2015.10.21 02:12:33.382,8.12222,8.12608,1.00,1.00
2015.10.21 02:12:33.914,8.12222,8.12607,1.00,1.00
2015.10.21 02:12:34.015,8.12222,8.12598,1.00,1.00
2015.10.21 02:12:34.167,8.12182,8.12598,1.00,1.00
2015.10.21 02:12:34.717,8.12232,8.12598,1.00,1.00
2015.10.21 02:12:34.904,8.12202,8.12597,1.00,1.00
2015.10.21 02:12:35.436,8.12202,8.12598,1.00,1.00
2015.10.21 02:12:35.518,8.12202,8.12588,1.00,1.00
2015.10.21 02:12:36.673,8.12242,8.12588,1.00,1.00
2015.10.21 02:12:37.037,8.12202,8.12588,1.00,1.00
2015.10.21 02:12:39.886,8.12242,8.12588,1.00,1.00
2015.10.21 02:12:40.227,8.12212,8.12588,1.00,1.00
2015.10.21 02:12:41.159,8.12212,8.12587,1.00,1.00
2015.10.21 02:12:42.130,8.12212,8.12588,1.00,1.00
2015.10.21 02:12:49.780,8.12212,8.12587,1.00,1.00
2015.10.21 02:12:50.338,8.12212,8.12588,1.00,1.00
2015.10.21 02:12:50.870,8.12173,8.12588,1.00,1.00
2015.10.21 02:13:02.558,8.12173,8.12598,1.00,1.00
2015.10.21 02:13:02.755,8.12213,8.12598,1.00,1.00
2015.10.21 02:13:04.055,8.12182,8.12598,1.00,1.00
2015.10.21 02:13:05.505,8.12232,8.12598,1.00,1.00
2015.10.21 02:13:06.034,8.12202,8.12598,1.00,1.00
2015.10.21 02:13:06.694,8.12253,8.12598,1.00,1.00
2015.10.21 02:13:07.271,8.12212,8.12598,1.00,1.00
2015.10.21 02:13:07.464,8.12252,8.12598,1.00,1.00
2015.10.21 02:13:07.825,8.12212,8.12598,1.00,1.00
2015.10.21 02:13:08.336,8.12212,8.12597,1.00,1.00
2015.10.21 02:13:09.579,8.12212,8.12598,1.00,1.00
2015.10.21 02:13:10.684,8.12172,8.12598,1.00,1.00
2015.10.21 02:13:12.214,8.12222,8.12598,1.00,1.00
2015.10.21 02:13:13.789,8.12222,8.12587,1.00,1.00
2015.10.21 02:13:14.306,8.12222,8.12588,1.00,1.00
2015.10.21 02:13:14.891,8.12222,8.12587,1.00,1.00
2015.10.21 02:13:17.588,8.12222,8.12588,1.00,1.00
2015.10.21 02:13:19.605,8.12222,8.12598,1.00,1.00
2015.10.21 02:13:20.802,8.12183,8.12598,1.00,1.00
2015.10.21 02:13:21.004,8.12232,8.12597,1.00,1.00
2015.10.21 02:13:21.237,8.12202,8.12597,1.00,1.00
2015.10.21 02:13:21.567,8.12232,8.12597,1.00,1.00
2015.10.21 02:13:21.784,8.12202,8.12597,1.00,1.00
2015.10.21 02:13:22.352,8.12202,8.12598,1.00,1.00
2015.10.21 02:13:22.904,8.12202,8.12597,1.00,1.00
2015.10.21 02:13:23.084,8.12232,8.12597,1.00,1.00
2015.10.21 02:13:23.304,8.12202,8.12597,1.00,1.00
2015.10.21 02:13:23.805,8.12202,8.12598,1.00,1.00
2015.10.21 02:13:25.809,8.12202,8.12597,1.00,1.00
2015.10.21 02:13:26.523,8.12202,8.12598,1.00,1.00
2015.10.21 02:13:27.374,8.12232,8.12598,1.00,1.00
2015.10.21 02:13:28.597,8.12193,8.12598,1.00,1.00
2015.10.21 02:13:29.194,8.12193,8.12597,1.00,1.00
2015.10.21 02:13:51.554,8.12193,8.12598,1.00,1.00
2015.10.21 02:13:52.067,8.12252,8.12598,1.69,1.00
2015.10.21 02:14:16.593,8.12252,8.12607,1.69,1.00
2015.10.21 02:14:23.913,8.12252,8.12608,1.69,1.00
2015.10.21 02:14:25.106,8.12252,8.12607,1.69,1.00
2015.10.21 02:14:25.611,8.12252,8.12608,1.69,1.00
2015.10.21 02:14:34.259,8.12252,8.12618,1.69,1.00
2015.10.21 02:14:52.247,8.12193,8.12618,1.00,1.00
2015.10.21 02:14:57.057,8.12193,8.12617,1.00,1.00
2015.10.21 02:14:57.796,8.12193,8.12618,1.00,1.00
2015.10.21 02:14:58.659,8.12193,8.12608,1.00,1.00
2015.10.21 02:14:58.899,8.12193,8.12618,1.00,1.00
2015.10.21 02:15:00.253,8.12142,8.12618,1.00,1.00
2015.10.21 02:15:00.829,8.12142,8.12617,1.00,1.00
2015.10.21 02:15:00.880,8.12142,8.12608,1.00,1.00
2015.10.21 02:15:01.209,8.12192,8.12618,1.00,1.00
2015.10.21 02:15:02.409,8.12192,8.12607,1.00,1.00
2015.10.21 02:15:03.027,8.12192,8.12608,1.00,1.00
2015.10.21 02:15:03.085,8.12192,8.12618,1.00,1.00
2015.10.21 02:15:03.384,8.12192,8.12608,1.00,1.00
2015.10.21 02:15:13.214,8.12222,8.12607,1.00,1.00
2015.10.21 02:15:13.834,8.12222,8.12608,1.00,1.00
2015.10.21 02:15:14.104,8.12163,8.12608,1.00,1.00
2015.10.21 02:15:16.164,8.12203,8.12608,1.00,1.00
2015.10.21 02:15:16.819,8.12203,8.12607,1.00,1.00
2015.10.21 02:15:20.039,8.12203,8.12608,1.00,1.00
2015.10.21 02:15:21.026,8.12203,8.12607,1.00,1.00
2015.10.21 02:15:21.592,8.12203,8.12608,1.00,1.00
2015.10.21 02:15:23.046,8.12203,8.12607,1.00,1.00
2015.10.21 02:15:23.573,8.12203,8.12608,1.00,1.00
2015.10.21 02:15:24.833,8.12203,8.12598,1.00,1.00
2015.10.21 02:15:25.952,8.12203,8.12597,1.00,1.00
2015.10.21 02:15:26.003,8.12163,8.12597,1.00,1.00
2015.10.21 02:15:26.186,8.12212,8.12598,1.00,1.00
2015.10.21 02:15:26.953,8.12162,8.12598,1.00,1.00
2015.10.21 02:15:27.414,8.12212,8.12598,1.00,1.00
2015.10.21 02:15:31.571,8.12182,8.12598,1.00,1.00
2015.10.21 02:15:38.987,8.12212,8.12598,1.00,1.00
2015.10.21 02:15:39.390,8.12173,8.12608,1.00,1.00
2015.10.21 02:15:42.484,8.12202,8.12608,1.00,1.00
2015.10.21 02:15:44.983,8.12173,8.12608,1.00,1.00
2015.10.21 02:15:46.197,8.12212,8.12608,1.00,1.00
2015.10.21 02:15:47.293,8.12172,8.12608,1.00,1.00
2015.10.21 02:15:47.831,8.12172,8.12607,1.00,1.00
2015.10.21 02:15:48.458,8.12172,8.12608,1.00,1.00
2015.10.21 02:16:09.421,8.12172,8.12598,1.00,1.00
2015.10.21 02:16:11.134,8.12172,8.12608,1.00,1.00
2015.10.21 02:16:11.185,8.12222,8.12608,1.00,1.00
2015.10.21 02:16:11.493,8.12182,8.12608,1.00,1.00
2015.10.21 02:16:14.941,8.12182,8.12607,1.00,1.00
2015.10.21 02:16:15.943,8.12182,8.12608,1.00,1.00
2015.10.21 02:16:18.445,8.12222,8.12608,1.00,1.00
2015.10.21 02:16:18.643,8.12182,8.12608,1.00,1.00
2015.10.21 02:16:20.264,8.12182,8.12607,1.00,1.00
2015.10.21 02:16:21.042,8.12182,8.12608,1.00,1.00
2015.10.21 02:16:21.143,8.12182,8.12618,1.00,1.00
2015.10.21 02:16:21.446,8.12182,8.12608,1.00,1.00
2015.10.21 02:16:22.575,8.12182,8.12607,1.00,1.00
2015.10.21 02:16:23.435,8.12182,8.12608,1.00,1.00
2015.10.21 02:16:24.692,8.12222,8.12608,1.00,1.00
2015.10.21 02:16:24.912,8.12192,8.12607,1.00,1.00
2015.10.21 02:16:25.463,8.12192,8.12608,1.00,1.00
2015.10.21 02:16:26.464,8.12192,8.12607,1.00,1.00
2015.10.21 02:16:27.090,8.12192,8.12608,1.00,1.00
2015.10.21 02:16:27.341,8.12192,8.12618,1.00,1.00
2015.10.21 02:16:28.343,8.12192,8.12608,1.00,1.00
2015.10.21 02:16:28.669,8.12182,8.12608,1.00,1.00
2015.10.21 02:16:29.451,8.12182,8.12607,1.00,1.00
2015.10.21 02:16:29.685,8.12182,8.12617,1.00,1.00
2015.10.21 02:16:30.147,8.12182,8.12608,1.00,1.00
2015.10.21 02:16:30.572,8.12222,8.12608,1.00,1.00
2015.10.21 02:16:30.773,8.12172,8.12608,1.00,1.00
2015.10.21 02:16:31.433,8.12222,8.12608,1.00,1.00
2015.10.21 02:16:31.638,8.12183,8.12607,1.00,1.00
2015.10.21 02:16:31.690,8.12183,8.12618,1.00,1.00
2015.10.21 02:16:32.167,8.12183,8.12608,1.00,1.00
2015.10.21 02:16:33.677,8.12183,8.12618,1.00,1.00
2015.10.21 02:16:34.201,8.12222,8.12608,1.00,1.00
2015.10.21 02:16:34.746,8.12222,8.12607,1.00,1.00
2015.10.21 02:16:34.847,8.12162,8.12607,1.00,1.00
2015.10.21 02:16:35.186,8.12212,8.12607,1.00,1.00
2015.10.21 02:16:35.630,8.12172,8.12608,1.00,1.00
2015.10.21 02:16:35.681,8.12172,8.12618,1.00,1.00
2015.10.21 02:16:36.156,8.12212,8.12608,1.00,1.00
2015.10.21 02:16:36.834,8.12163,8.12608,1.00,1.00
2015.10.21 02:16:37.166,8.12222,8.12608,1.00,1.00
2015.10.21 02:16:37.598,8.12163,8.12608,1.00,1.00
2015.10.21 02:16:37.699,8.12163,8.12618,1.00,1.00
2015.10.21 02:16:38.135,8.12222,8.12618,1.00,1.00
2015.10.21 02:16:38.512,8.12322,8.12608,1.69,1.00
2015.10.21 02:16:39.052,8.12322,8.12607,1.69,1.00
2015.10.21 02:16:39.668,8.12322,8.12618,1.69,1.00
2015.10.21 02:16:40.171,8.12322,8.12607,1.69,1.00
2015.10.21 02:16:41.568,8.12322,8.12608,1.69,1.00
2015.10.21 02:16:41.619,8.12243,8.12608,1.69,1.00
2015.10.21 02:16:41.670,8.12243,8.12618,1.69,1.00
2015.10.21 02:16:42.164,8.12243,8.12608,1.69,1.00
2015.10.21 02:16:43.666,8.12243,8.12618,1.69,1.00
2015.10.21 02:16:44.194,8.12243,8.12608,1.69,1.00
2015.10.21 02:16:45.670,8.12243,8.12618,1.69,1.00
2015.10.21 02:16:46.174,8.12243,8.12607,1.69,1.00
2015.10.21 02:16:47.002,8.12243,8.12608,1.69,1.00
2015.10.21 02:16:49.175,8.12243,8.12618,1.69,1.00
2015.10.21 02:17:04.912,8.12243,8.12608,1.69,1.00
2015.10.21 02:17:09.106,8.12243,8.12618,1.69,1.00
2015.10.21 02:17:10.042,8.12243,8.12617,1.69,1.00
2015.10.21 02:17:10.431,8.12312,8.12617,1.69,1.00
2015.10.21 02:17:10.994,8.12312,8.12618,1.69,1.00
2015.10.21 02:17:11.511,8.12312,8.12617,1.69,1.00
2015.10.21 02:17:12.136,8.12312,8.12618,1.69,1.00
2015.10.21 02:17:14.019,8.12312,8.12598,1.69,1.00
2015.10.21 02:17:14.078,8.12272,8.12598,1.69,1.00
2015.10.21 02:17:14.129,8.12272,8.12588,1.69,1.00
2015.10.21 02:17:14.180,8.12242,8.12588,1.69,1.00
2015.10.21 02:17:14.231,8.12242,8.12578,1.69,1.00
2015.10.21 02:17:14.539,8.12242,8.12568,1.69,1.00
2015.10.21 02:17:16.065,8.12242,8.12558,1.69,1.00
2015.10.21 02:17:17.945,8.12242,8.12538,1.69,1.00
2015.10.21 02:17:18.276,8.12192,8.12528,1.69,1.00
2015.10.21 02:17:19.168,8.12192,8.12538,1.69,1.00
2015.10.21 02:17:23.590,8.12192,8.12527,1.69,1.00
2015.10.21 02:17:30.586,8.12192,8.12528,1.69,1.00
2015.10.21 02:17:31.073,8.12192,8.12538,1.69,1.00
2015.10.21 02:17:31.484,8.12192,8.12548,1.69,1.00
2015.10.21 02:17:31.800,8.12192,8.12558,1.69,1.00
2015.10.21 02:17:31.901,8.12232,8.12558,1.69,1.00
2015.10.21 02:17:32.895,8.12232,8.12557,1.69,1.00
2015.10.21 02:17:34.397,8.12232,8.12558,1.69,1.00
2015.10.21 02:17:35.882,8.12232,8.12557,1.69,1.00
2015.10.21 02:17:36.572,8.12232,8.12568,1.69,1.00
2015.10.21 02:17:36.707,8.12232,8.12577,1.69,1.00
2015.10.21 02:17:36.808,8.12232,8.12588,1.69,1.00
2015.10.21 02:17:37.192,8.12282,8.12597,1.69,1.00
2015.10.21 02:17:37.405,8.12282,8.12618,1.69,1.00
2015.10.21 02:17:37.710,8.12282,8.12628,1.69,1.00
2015.10.21 02:17:40.803,8.12282,8.12618,1.69,1.00
2015.10.21 02:17:44.324,8.12282,8.12608,1.69,1.00
2015.10.21 02:17:45.983,8.12282,8.12598,1.69,1.00
2015.10.21 02:17:46.533,8.12282,8.12597,1.69,1.00
2015.10.21 02:17:46.981,8.12282,8.12608,1.69,1.00
2015.10.21 02:17:47.530,8.12282,8.12607,1.69,1.00
2015.10.21 02:18:09.725,8.12282,8.12608,1.69,1.00
2015.10.21 02:18:10.365,8.12282,8.12618,1.69,1.00
2015.10.21 02:18:11.430,8.12282,8.12628,1.69,1.00
2015.10.21 02:18:14.882,8.12282,8.12627,1.69,1.00
2015.10.21 02:18:15.404,8.12282,8.12628,1.69,1.00
2015.10.21 02:18:30.780,8.12282,8.12617,1.69,1.00
2015.10.21 02:18:31.317,8.12282,8.12618,1.69,1.00
2015.10.21 02:18:33.421,8.12282,8.12617,1.69,1.00
2015.10.21 02:18:33.932,8.12282,8.12618,1.69,1.00
2015.10.21 02:18:34.312,8.12282,8.12628,1.69,1.00
2015.10.21 02:18:37.233,8.12193,8.12628,1.00,1.00
2015.10.21 02:18:41.384,8.12193,8.12618,1.00,1.00
2015.10.21 02:18:43.836,8.12193,8.12628,1.00,1.00
2015.10.21 02:18:44.060,8.12232,8.12628,1.00,1.00
2015.10.21 02:18:45.383,8.12192,8.12628,1.00,1.00
2015.10.21 02:18:53.908,8.12192,8.12618,1.00,1.00
2015.10.21 02:18:55.151,8.12192,8.12608,1.00,1.00
2015.10.21 02:18:55.496,8.12192,8.12598,1.00,1.00
2015.10.21 02:18:55.930,8.12223,8.12598,1.00,1.00
2015.10.21 02:18:56.165,8.12192,8.12598,1.00,1.00
2015.10.21 02:18:56.834,8.12192,8.12597,1.00,1.00
2015.10.21 02:18:56.935,8.12192,8.12617,1.00,1.00
2015.10.21 02:18:57.257,8.12222,8.12617,1.00,1.00
2015.10.21 02:18:57.469,8.12182,8.12618,1.00,1.00
2015.10.21 02:18:57.806,8.12222,8.12618,1.00,1.00
2015.10.21 02:18:58.508,8.12172,8.12618,1.00,1.00
2015.10.21 02:18:59.171,8.12172,8.12617,1.00,1.00
2015.10.21 02:19:00.453,8.12172,8.12618,1.00,1.00
2015.10.21 02:19:00.725,8.12172,8.12628,1.00,1.00
2015.10.21 02:19:01.028,8.12223,8.12628,1.00,1.00
2015.10.21 02:19:01.462,8.12223,8.12648,1.00,1.00
2015.10.21 02:19:01.563,8.12183,8.12648,1.00,1.00
2015.10.21 02:19:02.099,8.12222,8.12648,1.00,1.00
2015.10.21 02:19:03.189,8.12182,8.12648,1.00,1.00
2015.10.21 02:19:04.269,8.12182,8.12647,1.00,1.00
2015.10.21 02:19:04.768,8.12222,8.12648,1.00,1.00
2015.10.21 02:19:05.987,8.12172,8.12648,1.00,1.00
2015.10.21 02:19:06.139,8.12172,8.12637,1.00,1.00
2015.10.21 02:19:06.190,8.12142,8.12637,1.00,1.00
2015.10.21 02:19:06.241,8.12142,8.12618,1.00,1.00
2015.10.21 02:19:06.583,8.12242,8.12638,1.69,1.00
2015.10.21 02:19:07.041,8.12242,8.12628,1.69,1.00
2015.10.21 02:19:07.569,8.12242,8.12627,1.69,1.00
2015.10.21 02:19:08.083,8.12242,8.12628,1.69,1.00
2015.10.21 02:19:08.414,8.12242,8.12617,1.69,1.00
2015.10.21 02:19:09.045,8.12242,8.12618,1.69,1.00
2015.10.21 02:19:12.852,8.12242,8.12608,1.69,1.00
2015.10.21 02:19:16.386,8.12242,8.12598,1.69,1.00
2015.10.21 02:19:16.960,8.12242,8.12608,1.69,1.00
2015.10.21 02:19:20.797,8.12242,8.12618,1.69,1.00
2015.10.21 02:19:21.669,8.12242,8.12628,1.69,1.00
2015.10.21 02:19:21.911,8.12242,8.12638,1.69,1.00
2015.10.21 02:19:22.070,8.12242,8.12647,1.69,1.00
2015.10.21 02:19:22.471,8.12242,8.12638,1.69,1.00
2015.10.21 02:19:23.135,8.12282,8.12638,1.69,1.00
2015.10.21 02:19:24.376,8.12282,8.12637,1.69,1.00
2015.10.21 02:19:24.920,8.12282,8.12638,1.69,1.00
2015.10.21 02:19:27.981,8.12282,8.12648,1.69,1.00
2015.10.21 02:19:29.686,8.12282,8.12657,1.69,1.00
2015.10.21 02:19:30.086,8.12282,8.12667,1.69,1.00
2015.10.21 02:19:30.861,8.12282,8.12668,1.69,1.00
2015.10.21 02:19:32.191,8.12282,8.12677,1.69,1.00
2015.10.21 02:19:32.897,8.12282,8.12678,1.69,1.00
2015.10.21 02:19:34.140,8.12302,8.12678,1.69,1.00
2015.10.21 02:19:47.817,8.12302,8.12688,1.69,1.00
2015.10.21 02:19:48.041,8.12302,8.12698,1.69,1.00
2015.10.21 02:19:56.404,8.12302,8.12688,1.69,1.00
2015.10.21 02:20:03.346,8.12302,8.12677,1.69,1.00
2015.10.21 02:20:03.747,8.12302,8.12667,1.69,1.00
2015.10.21 02:20:04.336,8.12302,8.12668,1.69,1.00
2015.10.21 02:20:12.360,8.12302,8.12648,1.69,1.00
2015.10.21 02:20:12.870,8.12302,8.12647,1.69,1.00
2015.10.21 02:20:13.372,8.12302,8.12648,1.69,1.00
2015.10.21 02:20:19.781,8.12302,8.12647,1.69,1.00
2015.10.21 02:20:22.381,8.12302,8.12638,1.69,1.00
2015.10.21 02:20:27.109,8.12302,8.12628,1.69,1.00
2015.10.21 02:20:34.339,8.12202,8.12628,1.00,1.00
2015.10.21 02:20:42.015,8.12202,8.12638,1.00,1.00
2015.10.21 02:20:52.224,8.12202,8.12628,1.00,1.00
2015.10.21 02:21:01.765,8.12242,8.12627,1.69,1.00
2015.10.21 02:21:01.867,8.12242,8.12638,1.69,1.00
2015.10.21 02:21:11.659,8.12242,8.12658,1.69,1.00
2015.10.21 02:21:15.982,8.12242,8.12648,2.44,1.00
2015.10.21 02:21:16.972,8.12242,8.12658,2.44,1.00
2015.10.21 02:21:22.582,8.12242,8.12668,2.44,1.00
2015.10.21 02:21:22.684,8.12242,8.12678,2.44,1.00
2015.10.21 02:21:22.883,8.12242,8.12687,2.44,1.00
2015.10.21 02:21:23.035,8.12292,8.12687,1.69,1.00
2015.10.21 02:21:23.086,8.12292,8.12697,1.69,1.00
2015.10.21 02:21:24.178,8.12292,8.12688,1.69,1.00
2015.10.21 02:21:24.727,8.12292,8.12687,1.69,1.00
2015.10.21 02:21:25.119,8.12292,8.12698,1.69,1.00
2015.10.21 02:21:25.847,8.12252,8.12698,1.00,1.00
2015.10.21 02:21:26.837,8.12333,8.12698,1.69,1.00
2015.10.21 02:21:27.405,8.12333,8.12697,1.69,1.00
2015.10.21 02:21:27.974,8.12333,8.12698,1.69,1.00
2015.10.21 02:21:30.083,8.12333,8.12697,1.69,1.00
2015.10.21 02:21:30.553,8.12333,8.12688,1.69,1.00
2015.10.21 02:21:30.734,8.12272,8.12688,1.69,1.00
2015.10.21 02:21:31.347,8.12333,8.12688,1.69,1.00
2015.10.21 02:21:31.938,8.12333,8.12687,1.69,1.00
2015.10.21 02:21:32.688,8.12333,8.12688,1.69,1.00
2015.10.21 02:21:35.093,8.12333,8.12687,1.69,1.00
2015.10.21 02:21:35.809,8.12333,8.12688,1.69,1.00
2015.10.21 02:21:57.554,8.12273,8.12688,1.69,1.00
2015.10.21 02:21:57.847,8.12273,8.12678,1.69,1.00
2015.10.21 02:21:58.190,8.12332,8.12668,1.69,1.00
2015.10.21 02:21:58.654,8.12252,8.12668,1.00,1.00
2015.10.21 02:21:59.361,8.12252,8.12657,1.00,1.00
2015.10.21 02:21:59.700,8.12313,8.12658,1.69,1.00
2015.10.21 02:21:59.899,8.12313,8.12678,1.69,1.00
2015.10.21 02:22:00.000,8.12313,8.12668,1.69,1.00
2015.10.21 02:22:00.210,8.12313,8.12678,1.69,1.00
2015.10.21 02:22:00.398,8.12313,8.12667,1.69,1.00
2015.10.21 02:22:00.777,8.12313,8.12678,1.69,1.00
2015.10.21 02:22:03.088,8.12313,8.12687,1.69,1.00
2015.10.21 02:22:03.404,8.12313,8.12678,1.69,1.00
2015.10.21 02:22:04.306,8.12313,8.12677,1.69,1.00
2015.10.21 02:22:05.534,8.12313,8.12668,1.69,1.00
2015.10.21 02:22:06.996,8.12313,8.12658,1.69,1.00
2015.10.21 02:22:09.113,8.12313,8.12657,1.69,1.00
2015.10.21 02:22:09.616,8.12313,8.12658,1.69,1.00
2015.10.21 02:22:20.522,8.12313,8.12648,1.69,1.00
2015.10.21 02:22:34.149,8.12313,8.12658,1.69,1.00
2015.10.21 02:22:38.056,8.12313,8.12657,1.69,1.00
2015.10.21 02:22:40.967,8.12313,8.12658,1.69,1.00
2015.10.21 02:22:42.267,8.12313,8.12657,1.69,1.00
2015.10.21 02:22:42.790,8.12313,8.12658,1.69,1.00
2015.10.21 02:22:43.772,8.12313,8.12657,1.69,1.00
2015.10.21 02:22:44.274,8.12313,8.12658,1.69,1.00
2015.10.21 02:22:44.375,8.12313,8.12668,1.69,1.00
2015.10.21 02:22:45.580,8.12313,8.12677,1.69,1.00
2015.10.21 02:22:46.126,8.12313,8.12678,1.69,1.00
2015.10.21 02:22:46.607,8.12313,8.12668,1.69,1.00
2015.10.21 02:22:47.586,8.12313,8.12678,1.69,1.00
2015.10.21 02:22:48.591,8.12313,8.12668,1.69,1.00
2015.10.21 02:22:48.726,8.12313,8.12678,1.69,1.00
2015.10.21 02:22:55.603,8.12313,8.12668,1.69,1.00
2015.10.21 02:22:56.804,8.12313,8.12667,1.69,1.00
2015.10.21 02:22:57.005,8.12313,8.12678,1.69,1.00
2015.10.21 02:22:57.106,8.12313,8.12668,1.69,1.00
2015.10.21 02:22:59.511,8.12262,8.12668,1.00,1.00
2015.10.21 02:23:00.041,8.12212,8.12668,1.00,1.00
2015.10.21 02:23:00.546,8.12212,8.12667,1.00,1.00
2015.10.21 02:23:00.699,8.12252,8.12667,1.00,1.00
2015.10.21 02:23:01.049,8.1227,8.12668,1.00,1.00
2015.10.21 02:23:01.150,8.1227,8.12698,1.00,1.00
2015.10.21 02:23:01.620,8.1227,8.12708,1.00,1.00
2015.10.21 02:23:01.942,8.1227,8.12697,1.00,1.00
2015.10.21 02:23:02.524,8.1227,8.12698,1.00,1.00
2015.10.21 02:23:02.961,8.12295,8.12698,1.00,1.00
2015.10.21 02:23:03.292,8.12295,8.12688,1.00,1.00
2015.10.21 02:23:04.140,8.12295,8.12707,1.00,1.00
2015.10.21 02:23:05.346,8.12289,8.12707,1.00,1.00
2015.10.21 02:23:05.507,8.12289,8.12698,1.00,1.00
2015.10.21 02:23:11.837,8.12292,8.12698,1.00,1.00
2015.10.21 02:23:12.148,8.12292,8.12688,1.00,1.00
2015.10.21 02:23:12.295,8.12232,8.12688,1.00,1.00
2015.10.21 02:23:12.396,8.12222,8.12688,1.00,1.00
2015.10.21 02:23:12.447,8.12262,8.12688,1.00,1.00
2015.10.21 02:23:13.085,8.12271,8.12688,1.00,1.00
2015.10.21 02:23:13.626,8.12271,8.12687,1.00,1.00
2015.10.21 02:23:13.677,8.12271,8.12718,1.00,1.00
2015.10.21 02:23:14.656,8.12271,8.12707,1.00,1.00
2015.10.21 02:23:15.197,8.12271,8.12718,1.00,1.00
2015.10.21 02:23:16.200,8.12271,8.12708,1.00,1.00
2015.10.21 02:23:16.686,8.12271,8.12717,1.00,1.00
2015.10.21 02:23:17.665,8.12271,8.12708,1.00,1.00
2015.10.21 02:23:18.167,8.12271,8.12718,1.00,1.00
2015.10.21 02:23:18.577,8.12291,8.12718,1.00,1.00
2015.10.21 02:23:20.877,8.12222,8.12678,1.00,1.00
2015.10.21 02:23:20.928,8.12273,8.12678,1.00,1.00
2015.10.21 02:23:21.175,8.12273,8.12708,1.00,1.00
2015.10.21 02:23:22.568,8.12242,8.12708,1.00,1.00
2015.10.21 02:23:22.922,8.12242,8.12697,1.00,1.00
2015.10.21 02:23:23.344,8.12272,8.12697,1.00,1.00
2015.10.21 02:23:31.920,8.12272,8.12707,1.00,1.00
2015.10.21 02:23:32.497,8.12272,8.12698,1.00,1.00
2015.10.21 02:23:38.907,8.12272,8.12688,1.00,1.00
2015.10.21 02:23:43.943,8.12272,8.12698,1.00,1.00
2015.10.21 02:23:44.326,8.12272,8.12688,1.00,1.00
2015.10.21 02:23:44.427,8.12233,8.12688,1.00,1.00
2015.10.21 02:23:44.753,8.12233,8.12678,1.00,1.00
2015.10.21 02:23:45.496,8.12263,8.12678,1.00,1.00
2015.10.21 02:23:45.647,8.12263,8.12698,1.00,1.00
2015.10.21 02:23:57.388,8.12222,8.12698,1.00,1.00
2015.10.21 02:23:58.340,8.12222,8.12697,1.00,1.00
2015.10.21 02:23:58.852,8.12222,8.12698,1.00,1.00
2015.10.21 02:24:01.104,8.12272,8.12698,1.00,1.00
2015.10.21 02:24:02.946,8.12272,8.12697,1.00,1.00
2015.10.21 02:24:02.997,8.12222,8.12697,1.00,1.00
2015.10.21 02:24:03.534,8.12222,8.12698,1.00,1.00
2015.10.21 02:24:04.294,8.12263,8.12698,1.00,1.00
2015.10.21 02:24:06.151,8.12263,8.12697,1.00,1.00
2015.10.21 02:24:11.267,8.12263,8.12698,1.00,1.00
2015.10.21 02:24:16.167,8.12263,8.12687,1.00,1.00
2015.10.21 02:24:17.612,8.12263,8.12678,1.00,1.00
2015.10.21 02:24:18.870,8.12263,8.12688,1.00,1.00
2015.10.21 02:24:20.278,8.12222,8.12688,1.00,1.00
2015.10.21 02:24:20.974,8.12222,8.12698,1.00,1.00
2015.10.21 02:24:21.075,8.12222,8.12708,1.00,1.00
2015.10.21 02:24:21.126,8.12262,8.12708,1.00,1.00
2015.10.21 02:24:26.204,8.12262,8.12698,1.00,1.00
2015.10.21 02:24:27.605,8.12262,8.12687,1.00,1.00
2015.10.21 02:24:27.656,8.12233,8.12687,1.00,1.00
2015.10.21 02:24:27.808,8.12262,8.12668,1.69,1.00
2015.10.21 02:24:28.298,8.12262,8.12658,1.69,1.00
2015.10.21 02:24:28.835,8.12262,8.12667,1.69,1.00
2015.10.21 02:24:28.890,8.12262,8.12678,1.69,1.00
2015.10.21 02:24:30.994,8.12262,8.12668,1.69,1.00
2015.10.21 02:24:31.902,8.12262,8.12688,1.69,1.00
2015.10.21 02:24:33.198,8.12262,8.12687,1.69,1.00
2015.10.21 02:24:33.799,8.12262,8.12688,1.69,1.00
2015.10.21 02:24:37.906,8.12262,8.12698,1.69,1.00
2015.10.21 02:24:38.008,8.12262,8.12708,1.69,1.00
2015.10.21 02:24:38.784,8.12292,8.12708,1.69,1.00
2015.10.21 02:24:39.116,8.12292,8.12698,1.69,1.00
2015.10.21 02:24:41.313,8.12292,8.12708,1.69,1.00
2015.10.21 02:24:41.415,8.12292,8.12718,1.69,1.00
2015.10.21 02:24:41.924,8.12292,8.12708,1.69,1.00
2015.10.21 02:24:42.524,8.12292,8.12707,1.69,1.00
2015.10.21 02:24:44.767,8.12292,8.12718,1.69,1.00
2015.10.21 02:24:46.749,8.12292,8.12707,1.69,1.00
2015.10.21 02:25:00.753,8.12292,8.12708,1.69,1.00
2015.10.21 02:25:05.371,8.12292,8.12698,1.69,1.00
2015.10.21 02:25:06.473,8.12292,8.12687,1.69,1.00
2015.10.21 02:25:06.788,8.12292,8.12678,1.69,1.00
2015.10.21 02:25:07.376,8.12292,8.12677,1.69,1.00
2015.10.21 02:25:08.288,8.12292,8.12678,1.69,1.00
2015.10.21 02:25:08.487,8.12292,8.12698,1.69,1.00
2015.10.21 02:25:09.479,8.12292,8.12688,1.69,1.00
2015.10.21 02:25:10.781,8.12292,8.12687,1.69,1.00
2015.10.21 02:25:12.727,8.12292,8.12688,1.69,1.00
2015.10.21 02:25:13.828,8.12292,8.12687,1.69,1.00
2015.10.21 02:25:15.732,8.12292,8.12688,1.69,1.00
2015.10.21 02:25:16.590,8.12292,8.12687,1.69,1.00
2015.10.21 02:25:17.151,8.12292,8.12688,1.69,1.00
2015.10.21 02:25:18.393,8.12292,8.12708,1.69,1.00
2015.10.21 02:25:28.428,8.12292,8.12697,1.69,1.00
2015.10.21 02:25:32.461,8.12292,8.12698,1.69,1.00
2015.10.21 02:25:38.422,8.12292,8.12688,1.69,1.00
2015.10.21 02:25:38.925,8.12252,8.12688,1.00,1.00
2015.10.21 02:25:39.925,8.12252,8.12678,1.00,1.00
2015.10.21 02:25:44.634,8.12252,8.12668,1.00,1.00
2015.10.21 02:25:45.336,8.12252,8.12658,1.00,1.00
2015.10.21 02:25:46.177,8.12252,8.12648,1.00,1.00
2015.10.21 02:25:46.706,8.12223,8.12648,1.00,1.00
2015.10.21 02:25:47.174,8.12223,8.12658,1.00,1.00
2015.10.21 02:25:47.404,8.12252,8.12658,1.00,1.00
2015.10.21 02:25:47.728,8.12222,8.12658,1.00,1.00
2015.10.21 02:25:48.250,8.12252,8.12657,1.00,1.00
2015.10.21 02:25:48.789,8.12252,8.12658,1.00,1.00
2015.10.21 02:25:50.391,8.12252,8.12657,1.00,1.00
2015.10.21 02:25:51.019,8.12252,8.12658,1.00,1.00
2015.10.21 02:25:56.802,8.12252,8.12668,1.00,1.00
2015.10.21 02:25:57.162,8.12252,8.12677,1.00,1.00
2015.10.21 02:25:59.175,8.12252,8.12668,1.00,1.00
2015.10.21 02:25:59.277,8.12212,8.12668,1.00,1.00
2015.10.21 02:25:59.504,8.12242,8.12668,1.00,1.00
2015.10.21 02:26:09.707,8.12242,8.12678,1.00,1.00
2015.10.21 02:26:10.818,8.12212,8.12678,1.00,1.00
2015.10.21 02:26:10.927,8.12242,8.12678,1.00,1.00
2015.10.21 02:26:11.146,8.12212,8.12668,1.00,1.00
2015.10.21 02:26:11.816,8.12242,8.12668,1.00,1.00
2015.10.21 02:26:12.583,8.12242,8.12647,1.00,1.00
2015.10.21 02:26:13.334,8.12212,8.12648,1.00,1.00
2015.10.21 02:26:13.607,8.12212,8.12658,1.00,1.00
2015.10.21 02:26:14.121,8.12212,8.12648,1.00,1.00
2015.10.21 02:26:19.094,8.12212,8.12658,1.00,1.00
2015.10.21 02:26:19.154,8.12242,8.12658,1.00,1.00
2015.10.21 02:26:19.626,8.12212,8.12658,1.00,1.00
2015.10.21 02:26:20.273,8.12212,8.12657,1.00,1.00
2015.10.21 02:26:25.673,8.12242,8.12657,1.00,1.00
2015.10.21 02:26:26.921,8.12242,8.12658,1.00,1.00
2015.10.21 02:26:27.336,8.12202,8.12657,1.00,1.00
2015.10.21 02:26:27.857,8.12202,8.12658,1.00,1.00
2015.10.21 02:26:28.126,8.12202,8.12648,1.00,1.00
2015.10.21 02:26:30.061,8.12212,8.12648,1.00,1.00
2015.10.21 02:26:30.364,8.12212,8.12637,1.00,1.00
2015.10.21 02:26:30.875,8.12263,8.12638,1.69,1.00
2015.10.21 02:26:31.554,8.12263,8.12648,1.69,1.00
2015.10.21 02:26:32.088,8.12263,8.12647,1.69,1.00
2015.10.21 02:26:32.606,8.12263,8.12648,1.69,1.00
2015.10.21 02:26:35.073,8.12263,8.12647,1.69,1.00
2015.10.21 02:26:37.680,8.12263,8.12668,1.69,1.00
2015.10.21 02:26:46.995,8.12263,8.12658,1.69,1.00
2015.10.21 02:26:47.310,8.12263,8.12648,1.69,1.00
2015.10.21 02:26:47.848,8.12263,8.12647,1.69,1.00
2015.10.21 02:26:48.583,8.12263,8.12648,1.69,1.00
2015.10.21 02:26:49.062,8.12263,8.12638,1.69,1.00
2015.10.21 02:26:51.771,8.12263,8.12648,1.69,1.00
2015.10.21 02:27:01.084,8.12263,8.12647,1.69,1.00
2015.10.21 02:27:01.623,8.12263,8.12648,1.69,1.00
2015.10.21 02:27:02.321,8.12263,8.12647,1.69,1.00
2015.10.21 02:27:02.829,8.12263,8.12628,1.69,1.00
2015.10.21 02:27:06.296,8.12263,8.12627,1.69,1.00
2015.10.21 02:27:06.929,8.12263,8.12628,1.69,1.00
2015.10.21 02:27:07.448,8.12263,8.12627,1.69,1.00
2015.10.21 02:27:12.516,8.12263,8.12628,1.69,1.00
2015.10.21 02:27:12.857,8.12263,8.12637,1.69,1.00
2015.10.21 02:27:13.541,8.12263,8.12627,1.69,1.00
2015.10.21 02:27:14.160,8.12263,8.12628,1.69,1.00
2015.10.21 02:27:15.117,8.12263,8.12627,1.69,1.00
2015.10.21 02:27:15.669,8.12263,8.12628,1.69,1.00
2015.10.21 02:27:18.423,8.12263,8.12627,1.69,1.00
2015.10.21 02:27:22.830,8.12263,8.12618,1.69,1.00
2015.10.21 02:27:27.666,8.12263,8.12628,1.69,1.00
2015.10.21 02:27:30.928,8.12203,8.12628,1.00,1.00
2015.10.21 02:27:31.583,8.12203,8.12638,1.00,1.00
2015.10.21 02:27:47.703,8.12203,8.12627,1.00,1.00
2015.10.21 02:27:52.575,8.12203,8.12617,1.00,1.00
2015.10.21 02:27:54.316,8.12203,8.12618,1.00,1.00
2015.10.21 02:27:54.734,8.12162,8.12618,1.00,1.00
2015.10.21 02:28:01.622,8.12162,8.12627,1.00,1.00
2015.10.21 02:28:01.673,8.12202,8.12627,1.00,1.00
2015.10.21 02:28:02.333,8.12202,8.12628,1.00,1.00
2015.10.21 02:28:07.515,8.12202,8.12638,1.00,1.00
2015.10.21 02:28:21.634,8.12202,8.12627,1.00,1.00
2015.10.21 02:28:22.766,8.12202,8.12628,1.00,1.00
2015.10.21 02:28:37.621,8.12242,8.12628,1.00,1.00
2015.10.21 02:28:41.673,8.12242,8.12637,1.00,1.00
2015.10.21 02:29:01.710,8.12242,8.12628,1.00,1.00
2015.10.21 02:29:05.453,8.12262,8.12628,1.69,1.00
2015.10.21 02:29:05.737,8.12262,8.12638,1.69,1.00
2015.10.21 02:29:05.918,8.12262,8.12628,1.69,1.00
2015.10.21 02:29:06.219,8.12262,8.12637,1.69,1.00
2015.10.21 02:29:06.931,8.12262,8.12638,1.69,1.00
2015.10.21 02:29:07.534,8.12192,8.12638,1.00,1.00
2015.10.21 02:29:08.168,8.12192,8.12637,1.00,1.00
2015.10.21 02:29:08.979,8.12152,8.12637,1.00,1.00
2015.10.21 02:29:09.423,8.12102,8.12637,1.00,1.00
2015.10.21 02:29:10.182,8.12152,8.12637,1.00,1.00
2015.10.21 02:29:10.731,8.12152,8.12628,1.00,1.00
2015.10.21 02:29:10.932,8.12152,8.12637,1.00,1.00
2015.10.21 02:29:11.188,8.12172,8.12638,1.00,1.00
2015.10.21 02:29:12.321,8.12132,8.12638,1.00,1.00
2015.10.21 02:29:15.130,8.12172,8.12638,1.00,1.00
2015.10.21 02:29:15.340,8.12172,8.12648,1.00,1.00
2015.10.21 02:29:16.520,8.12232,8.12648,1.69,1.00
2015.10.21 02:29:16.872,8.12172,8.12648,1.00,1.00
2015.10.21 02:29:17.885,8.12263,8.12648,1.69,1.00
2015.10.21 02:29:18.745,8.12263,8.12647,1.69,1.00
2015.10.21 02:29:19.346,8.12263,8.12648,1.69,1.00
2015.10.21 02:29:27.692,8.12263,8.12647,1.69,1.00
2015.10.21 02:29:28.438,8.12263,8.12648,1.69,1.00
2015.10.21 02:29:28.763,8.12263,8.12668,1.69,1.00
2015.10.21 02:29:28.864,8.12263,8.12698,1.69,1.00
2015.10.21 02:29:29.072,8.12302,8.12718,1.69,1.00
2015.10.21 02:29:29.868,8.12302,8.12708,1.69,1.00
2015.10.21 02:29:34.676,8.12302,8.12698,1.69,1.00
2015.10.21 02:29:40.207,8.12302,8.12688,1.69,1.00
2015.10.21 02:29:40.524,8.12302,8.12678,1.69,1.00
2015.10.21 02:29:40.848,8.12302,8.12658,1.69,1.00
2015.10.21 02:29:41.503,8.12263,8.12658,1.69,1.00
2015.10.21 02:29:50.824,8.12263,8.12657,1.69,1.00
2015.10.21 02:29:51.372,8.12263,8.12658,1.69,1.00
2015.10.21 02:29:51.613,8.12263,8.12637,1.69,1.00
2015.10.21 02:29:52.132,8.12263,8.12638,1.69,1.00
2015.10.21 02:29:54.741,8.12263,8.12637,1.69,1.00
2015.10.21 02:29:55.242,8.12263,8.12628,1.69,1.00
2015.10.21 02:29:55.844,8.12263,8.12627,1.69,1.00
2015.10.21 02:29:56.361,8.12263,8.12628,1.69,1.00
2015.10.21 02:29:59.458,8.12263,8.12627,1.69,1.00
2015.10.21 02:30:00.241,8.12263,8.12628,1.69,1.00
2015.10.21 02:30:00.810,8.12263,8.12627,1.69,1.00
2015.10.21 02:30:06.854,8.12263,8.12637,1.69,1.00
2015.10.21 02:30:07.393,8.12263,8.12638,1.69,1.00
2015.10.21 02:30:08.384,8.12263,8.12637,1.69,1.00
2015.10.21 02:30:08.993,8.12263,8.12638,1.69,1.00
2015.10.21 02:30:15.573,8.12263,8.12648,1.69,1.00
2015.10.21 02:30:19.694,8.12263,8.12638,1.69,1.00
2015.10.21 02:30:26.590,8.12263,8.12628,1.69,1.00
2015.10.21 02:30:27.792,8.12263,8.12638,1.69,1.00
2015.10.21 02:30:28.513,8.12263,8.12637,1.69,1.00
2015.10.21 02:30:30.510,8.12263,8.12638,1.69,1.00
2015.10.21 02:30:34.134,8.12263,8.12658,1.69,1.00
2015.10.21 02:30:41.581,8.12172,8.12658,1.00,1.00
2015.10.21 02:30:44.323,8.12172,8.12668,1.00,1.00
2015.10.21 02:30:44.451,8.12223,8.12668,1.00,1.00
2015.10.21 02:30:44.768,8.12292,8.12678,1.69,1.00
2015.10.21 02:30:45.130,8.12292,8.12668,1.69,1.00
2015.10.21 02:30:46.040,8.12292,8.12678,1.69,1.00
2015.10.21 02:30:46.834,8.12292,8.12668,1.69,1.00
2015.10.21 02:30:47.323,8.12292,8.12678,1.69,1.00
2015.10.21 02:30:48.325,8.12292,8.12668,1.69,1.00
2015.10.21 02:30:53.635,8.12292,8.12658,1.69,1.00
2015.10.21 02:30:57.143,8.12292,8.12648,1.69,1.00
2015.10.21 02:31:04.551,8.12292,8.12658,1.69,1.00
2015.10.21 02:31:04.652,8.12292,8.12667,1.69,1.00
2015.10.21 02:31:05.954,8.12292,8.12668,1.69,1.00
2015.10.21 02:31:06.655,8.12292,8.12678,1.69,1.00
2015.10.21 02:31:08.458,8.12292,8.12688,1.69,1.00
2015.10.21 02:31:17.170,8.12292,8.12687,1.69,1.00
2015.10.21 02:31:23.302,8.12292,8.12688,1.69,1.00
2015.10.21 02:31:24.403,8.12292,8.12687,1.69,1.00
2015.10.21 02:31:24.920,8.12292,8.12688,1.69,1.00
2015.10.21 02:31:26.630,8.12292,8.12678,1.69,1.00
2015.10.21 02:31:27.510,8.12292,8.12677,1.69,1.00
2015.10.21 02:31:28.487,8.12292,8.12668,1.69,1.00
2015.10.21 02:31:40.921,8.12292,8.12688,1.69,1.00
2015.10.21 02:31:44.543,8.12263,8.12688,1.00,1.00
2015.10.21 02:31:46.632,8.12263,8.12698,1.00,1.00
2015.10.21 02:31:46.838,8.12263,8.12708,1.00,1.00
2015.10.21 02:31:46.939,8.12342,8.12708,1.69,1.00
2015.10.21 02:31:47.251,8.12342,8.12718,1.69,1.00
2015.10.21 02:31:48.741,8.12342,8.12717,1.69,1.00
2015.10.21 02:31:49.243,8.12342,8.12718,1.69,1.00
2015.10.21 02:31:50.257,8.12342,8.12708,1.69,1.00
2015.10.21 02:31:50.920,8.12342,8.12697,1.69,1.00
2015.10.21 02:31:52.150,8.12342,8.12708,1.69,1.00
2015.10.21 02:31:56.227,8.12342,8.12698,1.69,1.00
2015.10.21 02:32:00.669,8.12342,8.12688,1.69,1.00
2015.10.21 02:32:04.140,8.12342,8.12678,1.69,1.00
2015.10.21 02:32:06.544,8.12342,8.12677,1.69,1.00
2015.10.21 02:32:07.104,8.12342,8.12678,1.69,1.00
2015.10.21 02:32:07.879,8.12342,8.12677,1.69,1.00
2015.10.21 02:32:08.148,8.12342,8.12688,1.69,1.00
2015.10.21 02:32:09.652,8.12342,8.12687,1.69,1.00
2015.10.21 02:32:10.353,8.12342,8.12678,1.69,1.00
2015.10.21 02:32:10.990,8.12342,8.12677,1.69,1.00
2015.10.21 02:32:13.681,8.12342,8.12688,1.69,1.00
2015.10.21 02:32:17.090,8.12342,8.12687,1.69,1.00
2015.10.21 02:32:17.593,8.12342,8.12688,1.69,1.00
2015.10.21 02:32:26.177,8.12342,8.12698,1.69,1.00
2015.10.21 02:32:33.388,8.12342,8.12688,1.69,1.00
2015.10.21 02:32:33.937,8.12342,8.12687,1.69,1.00
2015.10.21 02:32:34.673,8.12342,8.12688,1.69,1.00
2015.10.21 02:32:36.092,8.12342,8.12678,1.69,1.00
2015.10.21 02:32:36.193,8.12342,8.12698,1.69,1.00
2015.10.21 02:32:36.509,8.12342,8.12687,1.69,1.00
2015.10.21 02:32:41.618,8.12342,8.12688,1.69,1.00
2015.10.21 02:32:46.899,8.12283,8.12688,1.00,1.00
2015.10.21 02:32:47.537,8.12283,8.12687,1.00,1.00
2015.10.21 02:32:47.663,8.12283,8.12698,1.00,1.00
2015.10.21 02:32:54.023,8.12283,8.12708,1.00,1.00
2015.10.21 02:32:54.819,8.12283,8.12707,1.00,1.00
2015.10.21 02:33:01.182,8.12283,8.12708,1.00,1.00
2015.10.21 02:33:01.233,8.12243,8.12708,1.00,1.00
2015.10.21 02:33:01.580,8.12282,8.12708,1.00,1.00
2015.10.21 02:33:06.894,8.12282,8.12707,1.00,1.00
2015.10.21 02:33:07.545,8.12282,8.12708,1.00,1.00
2015.10.21 02:33:07.597,8.12282,8.12717,1.00,1.00
2015.10.21 02:33:07.699,8.12282,8.12727,1.00,1.00
2015.10.21 02:33:08.217,8.12282,8.12728,1.00,1.00
2015.10.21 02:33:10.272,8.12282,8.12717,1.00,1.00
2015.10.21 02:33:10.858,8.12282,8.12718,1.00,1.00
2015.10.21 02:33:12.764,8.12282,8.12727,1.00,1.00
2015.10.21 02:33:13.265,8.12282,8.12728,1.00,1.00
2015.10.21 02:33:13.817,8.12282,8.12748,1.00,1.00
2015.10.21 02:33:14.019,8.12312,8.12748,1.00,1.00
2015.10.21 02:33:14.208,8.12312,8.12758,1.00,1.00
2015.10.21 02:33:14.709,8.12312,8.12748,1.00,1.00
2015.10.21 02:33:15.149,8.12392,8.12748,1.69,1.00
2015.10.21 02:33:17.418,8.12392,8.12747,1.69,1.00
2015.10.21 02:33:17.790,8.12392,8.12737,1.69,1.00
2015.10.21 02:33:18.133,8.12392,8.12728,1.69,1.00
2015.10.21 02:33:18.283,8.12392,8.12738,1.69,1.00
2015.10.21 02:33:19.284,8.12392,8.12727,1.69,1.00
2015.10.21 02:33:19.818,8.12392,8.12728,1.69,1.00
2015.10.21 02:33:20.811,8.12392,8.12727,1.69,1.00
2015.10.21 02:33:21.287,8.12392,8.12738,1.69,1.00
2015.10.21 02:33:22.792,8.12392,8.12728,1.69,1.00
2015.10.21 02:33:24.630,8.12392,8.12738,1.69,1.00
2015.10.21 02:33:29.948,8.12392,8.12737,1.69,1.00
2015.10.21 02:33:30.683,8.12392,8.12738,1.69,1.00
2015.10.21 02:33:31.639,8.12392,8.12748,1.69,1.00
2015.10.21 02:33:31.740,8.12392,8.12758,1.69,1.00
2015.10.21 02:33:34.228,8.12392,8.12748,1.69,1.00
2015.10.21 02:33:38.944,8.12392,8.12768,1.69,1.00
2015.10.21 02:33:39.618,8.12392,8.12758,1.69,1.00
2015.10.21 02:33:40.217,8.12392,8.12757,1.69,1.00
2015.10.21 02:33:41.221,8.12392,8.12758,1.69,1.00
2015.10.21 02:33:42.228,8.12392,8.12757,1.69,1.00
2015.10.21 02:33:43.224,8.12392,8.12758,1.69,1.00
2015.10.21 02:33:43.725,8.12392,8.12757,1.69,1.00
2015.10.21 02:33:44.033,8.12392,8.12748,1.69,1.00
2015.10.21 02:33:44.748,8.12392,8.12747,1.69,1.00
2015.10.21 02:33:45.249,8.12392,8.12748,1.69,1.00
2015.10.21 02:33:46.465,8.12392,8.12758,1.69,1.00
2015.10.21 02:33:47.440,8.12392,8.12767,1.69,1.00
2015.10.21 02:33:49.192,8.12392,8.12768,1.69,1.00
2015.10.21 02:33:51.146,8.12392,8.12767,1.69,1.00
2015.10.21 02:33:52.975,8.12392,8.12768,1.69,1.00
2015.10.21 02:33:59.687,8.12392,8.12778,1.69,1.00
2015.10.21 02:34:15.197,8.12342,8.12778,1.00,1.00
2015.10.21 02:34:19.597,8.12342,8.12768,1.00,1.00
2015.10.21 02:34:29.115,8.12342,8.12778,1.00,1.00
2015.10.21 02:34:29.262,8.12342,8.12788,1.00,1.00
2015.10.21 02:34:29.444,8.12342,8.12778,1.00,1.00
2015.10.21 02:34:29.684,8.12342,8.12788,1.00,1.00
2015.10.21 02:34:41.782,8.12342,8.12788,1.00,1.60
2015.10.21 02:34:41.984,8.12251,8.12788,1.00,1.60
2015.10.21 02:34:42.035,8.12243,8.12752,1.00,1.00
2015.10.21 02:34:42.137,8.12242,8.12738,1.69,1.69
2015.10.21 02:34:42.368,8.12252,8.12848,1.00,1.00
2015.10.21 02:34:42.637,8.12303,8.12848,1.00,1.00
2015.10.21 02:34:43.010,8.12303,8.12838,1.00,1.00
2015.10.21 02:34:43.325,8.12413,8.12838,1.69,1.00
2015.10.21 02:34:43.849,8.12413,8.12837,1.69,1.00
2015.10.21 02:34:44.639,8.12413,8.12838,1.69,1.00
2015.10.21 02:34:45.322,8.12413,8.12837,1.69,1.00
2015.10.21 02:34:45.870,8.12413,8.12828,1.69,1.00
2015.10.21 02:34:50.652,8.12413,8.12808,1.69,1.00
2015.10.21 02:35:03.108,8.12413,8.12807,1.69,1.00
2015.10.21 02:35:04.316,8.12413,8.12808,1.69,1.00
2015.10.21 02:35:04.663,8.12432,8.12808,1.69,1.00
2015.10.21 02:35:10.680,8.12432,8.12818,1.69,1.00
2015.10.21 02:35:16.430,8.12432,8.12817,1.69,1.00
2015.10.21 02:35:17.032,8.12432,8.12818,1.69,1.00
2015.10.21 02:35:17.588,8.12432,8.12808,1.69,1.00
2015.10.21 02:35:19.091,8.12432,8.12797,1.69,1.00
2015.10.21 02:35:19.233,8.12432,8.12807,1.69,1.00
2015.10.21 02:35:19.893,8.12432,8.12808,1.69,1.00
2015.10.21 02:35:21.396,8.12432,8.12798,1.69,1.00
2015.10.21 02:35:27.644,8.12432,8.12788,1.69,1.00
2015.10.21 02:35:29.814,8.12432,8.12787,1.69,1.00
2015.10.21 02:35:30.426,8.12432,8.12788,1.69,1.00
2015.10.21 02:35:31.058,8.12432,8.12787,1.69,1.00
2015.10.21 02:35:31.860,8.12432,8.12788,1.69,1.00
2015.10.21 02:35:35.918,8.12432,8.12787,1.69,1.00
2015.10.21 02:35:36.497,8.12432,8.12788,1.69,1.00
2015.10.21 02:35:37.020,8.12432,8.12787,1.69,1.00
2015.10.21 02:35:37.621,8.12432,8.12798,1.69,1.00
2015.10.21 02:35:40.426,8.12432,8.12797,1.69,1.00
2015.10.21 02:35:40.992,8.12432,8.12798,1.69,1.00
2015.10.21 02:35:42.930,8.12432,8.12797,1.69,1.00
2015.10.21 02:35:43.148,8.12432,8.12788,1.69,1.00
2015.10.21 02:35:43.931,8.12432,8.12787,1.69,1.00
2015.10.21 02:35:44.525,8.12432,8.12788,1.69,1.00
2015.10.21 02:35:45.666,8.12432,8.12778,1.69,1.00
2015.10.21 02:35:46.337,8.12432,8.12777,1.69,1.00
2015.10.21 02:35:46.939,8.12432,8.12778,1.69,1.00
2015.10.21 02:35:47.440,8.12432,8.12777,1.69,1.00
2015.10.21 02:35:48.240,8.12432,8.12778,1.69,1.00
2015.10.21 02:35:49.743,8.12432,8.12788,1.69,1.00
2015.10.21 02:35:51.046,8.12432,8.12778,1.69,1.00
2015.10.21 02:35:52.967,8.12432,8.12788,1.69,1.00
2015.10.21 02:35:55.653,8.12432,8.12768,1.69,1.00
2015.10.21 02:35:56.154,8.12432,8.12767,1.69,1.00
2015.10.21 02:35:56.828,8.12432,8.12768,1.69,1.00
2015.10.21 02:35:57.360,8.12432,8.12767,1.69,1.00
2015.10.21 02:35:57.708,8.12432,8.12758,1.69,1.00
2015.10.21 02:36:02.508,8.12432,8.12768,1.69,1.00
2015.10.21 02:36:02.610,8.12432,8.12778,1.69,1.00
2015.10.21 02:36:03.370,8.12432,8.12788,1.69,1.00
2015.10.21 02:36:03.646,8.12462,8.12788,1.69,1.00
2015.10.21 02:36:04.967,8.12403,8.12788,1.69,1.00
2015.10.21 02:36:06.617,8.12403,8.12778,1.69,1.00
2015.10.21 02:36:06.928,8.12463,8.12778,1.69,1.00
2015.10.21 02:36:07.674,8.12463,8.12768,1.69,1.00
2015.10.21 02:36:08.705,8.12463,8.12788,1.69,1.00
2015.10.21 02:36:08.878,8.12463,8.12798,1.69,1.00
2015.10.21 02:36:11.083,8.12463,8.12788,1.69,1.00
2015.10.21 02:36:12.288,8.12463,8.12787,1.69,1.00
2015.10.21 02:36:12.988,8.12463,8.12788,1.69,1.00
2015.10.21 02:36:14.638,8.12463,8.12787,1.69,1.00
2015.10.21 02:36:15.145,8.12463,8.12788,1.69,1.00
2015.10.21 02:36:15.296,8.12463,8.12797,1.69,1.00
2015.10.21 02:36:15.455,8.12463,8.12808,1.69,1.00
2015.10.21 02:36:15.626,8.12463,8.12798,1.69,1.00
2015.10.21 02:36:16.617,8.12463,8.12788,1.69,1.00
2015.10.21 02:36:17.228,8.12463,8.12787,1.69,1.00
2015.10.21 02:36:17.822,8.12463,8.12788,1.69,1.00
2015.10.21 02:36:19.121,8.12463,8.12787,1.69,1.00
2015.10.21 02:36:19.177,8.12362,8.12787,1.00,1.00
2015.10.21 02:36:20.031,8.12362,8.12788,1.00,1.00
2015.10.21 02:36:20.132,8.12462,8.12788,1.69,1.00
2015.10.21 02:36:28.617,8.12462,8.12778,1.69,1.00
2015.10.21 02:36:30.573,8.12462,8.12768,1.69,1.00
2015.10.21 02:36:31.367,8.12462,8.12777,1.69,1.00
2015.10.21 02:36:31.874,8.12462,8.12778,1.69,1.00
2015.10.21 02:36:38.661,8.12462,8.12787,1.69,1.00
2015.10.21 02:36:41.657,8.12462,8.12798,1.69,1.00
2015.10.21 02:36:44.477,8.12462,8.12797,1.69,1.00
2015.10.21 02:36:45.143,8.12462,8.12798,1.69,1.00
2015.10.21 02:37:01.667,8.12462,8.12787,1.69,1.00
2015.10.21 02:37:06.074,8.12462,8.12788,1.69,1.00
2015.10.21 02:37:06.805,8.12462,8.12787,1.69,1.00
2015.10.21 02:37:07.676,8.12462,8.12788,1.69,1.00
2015.10.21 02:37:09.078,8.12462,8.12787,1.69,1.00
2015.10.21 02:37:09.612,8.12462,8.12788,1.69,1.00
2015.10.21 02:37:13.587,8.12462,8.12777,1.69,1.00
2015.10.21 02:37:14.138,8.12462,8.12778,1.69,1.00
2015.10.21 02:37:14.289,8.12402,8.12778,1.69,1.00
2015.10.21 02:37:14.588,8.12402,8.12797,1.69,1.00
2015.10.21 02:37:14.795,8.12462,8.12797,1.69,1.00
2015.10.21 02:37:15.390,8.12462,8.12798,1.69,1.00
2015.10.21 02:37:16.442,8.12462,8.12797,1.69,1.00
2015.10.21 02:37:20.408,8.12462,8.12788,1.69,1.00
2015.10.21 02:37:22.915,8.12462,8.12777,1.69,1.00
2015.10.21 02:37:23.602,8.12462,8.12778,1.69,1.00
2015.10.21 02:37:23.754,8.12402,8.12777,1.69,1.00
2015.10.21 02:37:23.906,8.12402,8.12788,1.69,1.00
2015.10.21 02:37:24.047,8.12462,8.12788,1.69,1.00
2015.10.21 02:37:24.706,8.12402,8.12787,1.69,1.00
2015.10.21 02:37:25.267,8.12402,8.12788,1.69,1.00
2015.10.21 02:37:36.161,8.12402,8.12787,1.69,1.00
2015.10.21 02:37:36.668,8.12402,8.12788,1.69,1.00
2015.10.21 02:37:38.576,8.12462,8.12788,1.69,1.00
2015.10.21 02:37:39.347,8.12462,8.12787,1.69,1.00
2015.10.21 02:37:39.955,8.12462,8.12788,1.69,1.00
2015.10.21 02:37:40.542,8.12402,8.12777,1.69,1.00
2015.10.21 02:37:41.157,8.12402,8.12788,1.69,1.00
2015.10.21 02:37:41.208,8.12472,8.12788,1.69,1.00
2015.10.21 02:37:41.461,8.12392,8.12788,1.00,1.00
2015.10.21 02:37:42.331,8.12392,8.12787,1.00,1.00
2015.10.21 02:37:43.365,8.12353,8.12788,1.00,1.00
2015.10.21 02:37:43.416,8.12432,8.12788,1.69,1.00
2015.10.21 02:37:45.466,8.12432,8.12798,1.69,1.00
2015.10.21 02:37:45.987,8.12432,8.12797,1.69,1.00
2015.10.21 02:37:46.562,8.12432,8.12798,1.69,1.00
2015.10.21 02:37:47.539,8.12432,8.12797,1.69,1.00
2015.10.21 02:37:47.650,8.12432,8.12808,1.69,1.00
2015.10.21 02:37:53.951,8.12432,8.12817,1.69,1.00
2015.10.21 02:37:54.669,8.12432,8.12828,1.69,1.00
2015.10.21 02:37:55.178,8.12432,8.12827,1.69,1.00
2015.10.21 02:37:55.281,8.12472,8.12828,1.69,1.00
2015.10.21 02:37:55.661,8.12472,8.12818,1.69,1.00
2015.10.21 02:38:02.870,8.12472,8.12828,1.69,1.00
2015.10.21 02:38:03.598,8.12472,8.12838,1.69,1.00
2015.10.21 02:38:07.724,8.12472,8.12837,1.69,1.00
2015.10.21 02:38:07.927,8.12472,8.12818,1.69,1.00
2015.10.21 02:38:08.280,8.12472,8.12828,1.69,1.00
2015.10.21 02:38:10.616,8.12472,8.12817,1.69,1.00
2015.10.21 02:38:11.304,8.12472,8.12818,1.69,1.00
2015.10.21 02:38:20.389,8.12372,8.12818,1.00,1.00
2015.10.21 02:38:20.933,8.12372,8.12817,1.00,1.00
2015.10.21 02:38:21.452,8.12463,8.12818,1.69,1.00
2015.10.21 02:38:21.644,8.12463,8.12828,1.69,1.00
2015.10.21 02:38:23.515,8.12463,8.12827,1.69,1.00
2015.10.21 02:38:24.347,8.12463,8.12828,1.69,1.00
2015.10.21 02:38:24.516,8.12463,8.12818,1.69,1.00
2015.10.21 02:38:24.617,8.12463,8.12838,1.69,1.00
2015.10.21 02:38:28.122,8.12463,8.12847,1.69,1.00
2015.10.21 02:38:28.723,8.12463,8.12848,1.69,1.00
2015.10.21 02:38:28.854,8.12372,8.12847,1.00,1.00
2015.10.21 02:38:29.435,8.12372,8.12848,1.00,1.00
2015.10.21 02:38:29.814,8.12452,8.12848,1.69,1.00
2015.10.21 02:38:32.663,8.12452,8.12838,1.69,1.00
2015.10.21 02:38:34.465,8.12452,8.12837,1.69,1.00
2015.10.21 02:38:35.240,8.12452,8.12838,1.69,1.00
2015.10.21 02:38:36.737,8.12452,8.12848,1.69,1.00
2015.10.21 02:38:40.465,8.12452,8.12838,1.69,1.00
2015.10.21 02:38:40.878,8.12452,8.12828,1.69,1.00
2015.10.21 02:38:42.047,8.12452,8.12827,1.69,1.00
2015.10.21 02:38:42.978,8.12452,8.12828,1.69,1.00
2015.10.21 02:38:44.972,8.12452,8.12827,1.69,1.00
2015.10.21 02:38:45.303,8.12452,8.12817,1.69,1.00
2015.10.21 02:38:49.183,8.12452,8.12818,1.69,1.00
2015.10.21 02:38:52.517,8.12342,8.12818,1.00,1.00
2015.10.21 02:38:53.083,8.12342,8.12817,1.00,1.00
2015.10.21 02:38:53.472,8.12473,8.12818,1.69,1.00
2015.10.21 02:38:53.706,8.12473,8.12828,1.69,1.00
2015.10.21 02:38:55.510,8.12473,8.12827,1.69,1.00
2015.10.21 02:38:55.974,8.12473,8.12838,1.69,1.00
2015.10.21 02:38:56.562,8.12413,8.12838,1.69,1.00
2015.10.21 02:38:58.019,8.12413,8.12837,1.69,1.00
2015.10.21 02:38:58.527,8.12413,8.12838,1.69,1.00
2015.10.21 02:38:59.082,8.12413,8.12847,1.69,1.00
2015.10.21 02:38:59.923,8.12413,8.12848,1.69,1.00
2015.10.21 02:39:01.684,8.12413,8.12847,1.69,1.00
2015.10.21 02:39:03.002,8.12413,8.12848,1.69,1.00
2015.10.21 02:39:03.053,8.12343,8.12848,1.00,1.00
2015.10.21 02:39:03.893,8.12343,8.12858,1.00,1.00
2015.10.21 02:39:04.027,8.12452,8.12858,1.69,1.00
2015.10.21 02:39:04.477,8.12452,8.12848,1.69,1.00
2015.10.21 02:39:08.435,8.12452,8.12847,1.69,1.00
2015.10.21 02:39:09.402,8.12452,8.12848,1.69,1.00
2015.10.21 02:39:11.502,8.12452,8.12858,1.69,1.00
2015.10.21 02:39:11.553,8.12342,8.12858,1.00,1.00
2015.10.21 02:39:12.493,8.12472,8.12858,1.69,1.00
2015.10.21 02:39:12.645,8.12342,8.12858,1.00,1.00
2015.10.21 02:39:13.157,8.12342,8.12857,1.00,1.00
2015.10.21 02:39:13.593,8.12462,8.12858,1.69,1.00
2015.10.21 02:39:14.143,8.12462,8.12838,1.69,1.00
2015.10.21 02:39:15.520,8.12462,8.12837,1.69,1.00
2015.10.21 02:39:16.048,8.12462,8.12838,1.69,1.00
2015.10.21 02:39:16.150,8.12462,8.12847,1.69,1.00
2015.10.21 02:39:16.664,8.12462,8.12848,1.69,1.00
2015.10.21 02:39:17.716,8.12462,8.12847,1.69,1.00
2015.10.21 02:39:18.125,8.12462,8.12838,1.69,1.00
2015.10.21 02:39:18.572,8.12342,8.12838,1.00,1.00
2015.10.21 02:39:19.423,8.12342,8.12848,1.00,1.00
2015.10.21 02:39:19.569,8.12452,8.12848,1.69,1.00
2015.10.21 02:39:24.665,8.12452,8.12858,1.69,1.00
2015.10.21 02:39:24.728,8.12452,8.12868,1.69,1.00
2015.10.21 02:39:25.095,8.12452,8.12888,1.69,1.00
2015.10.21 02:39:25.146,8.12492,8.12877,1.69,1.00
2015.10.21 02:39:25.256,8.12382,8.12887,1.00,1.00
2015.10.21 02:39:25.365,8.12382,8.12898,1.00,1.00
2015.10.21 02:39:25.733,8.12412,8.12898,1.00,1.00
2015.10.21 02:39:25.838,8.12412,8.12908,1.00,1.00
2015.10.21 02:39:26.207,8.12383,8.12908,1.00,1.00
2015.10.21 02:39:26.258,8.12532,8.12907,1.69,1.00
2015.10.21 02:39:27.135,8.12532,8.12908,1.69,1.00
2015.10.21 02:39:27.236,8.12383,8.12908,1.00,1.00
2015.10.21 02:39:27.858,8.12383,8.12938,1.00,1.00
2015.10.21 02:39:28.222,8.12522,8.12938,1.69,1.00
2015.10.21 02:39:37.352,8.12422,8.12938,1.00,1.00
2015.10.21 02:39:37.482,8.12422,8.12927,1.00,1.00
2015.10.21 02:39:38.342,8.12532,8.12927,1.69,1.00
2015.10.21 02:39:38.684,8.12422,8.12928,1.00,1.00
2015.10.21 02:39:38.963,8.12452,8.12928,1.00,1.00
2015.10.21 02:39:39.619,8.12422,8.12928,1.00,1.00
2015.10.21 02:39:39.670,8.12522,8.12928,1.69,1.00
2015.10.21 02:39:40.052,8.12522,8.12918,1.69,1.00
2015.10.21 02:39:42.276,8.12522,8.12917,1.69,1.00
2015.10.21 02:39:44.380,8.12522,8.12918,1.69,1.00
2015.10.21 02:39:47.702,8.12522,8.12908,1.69,1.00
2015.10.21 02:39:48.190,8.12522,8.12918,1.69,1.00
2015.10.21 02:39:55.840,8.12522,8.12917,1.69,1.00
2015.10.21 02:39:55.941,8.12522,8.12898,1.69,1.00
2015.10.21 02:40:00.672,8.12522,8.12908,1.69,1.00
2015.10.21 02:40:01.272,8.12522,8.12907,1.69,1.00
2015.10.21 02:40:01.374,8.12522,8.12888,1.69,1.00
2015.10.21 02:40:01.475,8.12482,8.12888,1.69,1.00
2015.10.21 02:40:01.580,8.12462,8.12858,1.69,1.00
2015.10.21 02:40:01.681,8.12462,8.12888,1.69,1.00
2015.10.21 02:40:01.943,8.12462,8.12877,1.69,1.00
2015.10.21 02:40:02.268,8.12462,8.12867,1.69,1.00
2015.10.21 02:40:02.657,8.12462,8.12878,1.69,1.00
2015.10.21 02:40:03.178,8.12462,8.12877,1.69,1.00
2015.10.21 02:40:03.381,8.12462,8.12868,1.69,1.00
2015.10.21 02:40:03.698,8.12462,8.12858,1.69,1.00
2015.10.21 02:40:04.581,8.12462,8.12848,1.69,1.00
2015.10.21 02:40:05.298,8.12462,8.12847,1.69,1.00
2015.10.21 02:40:05.801,8.12462,8.12848,1.69,1.00
2015.10.21 02:40:06.871,8.12462,8.12847,1.69,1.00
2015.10.21 02:40:07.400,8.12462,8.12848,1.69,1.00
2015.10.21 02:40:08.255,8.12462,8.12847,1.69,1.00
2015.10.21 02:40:10.658,8.12462,8.12838,1.69,1.00
2015.10.21 02:40:11.837,8.12342,8.12838,1.00,1.00
2015.10.21 02:40:11.888,8.12342,8.12858,1.00,1.00
2015.10.21 02:40:11.966,8.12342,8.12848,1.00,1.00
2015.10.21 02:40:12.805,8.12502,8.12847,1.69,1.00
2015.10.21 02:40:12.907,8.12342,8.12847,1.00,1.00
2015.10.21 02:40:12.957,8.12382,8.12847,1.00,1.00
2015.10.21 02:40:13.586,8.12382,8.12848,1.00,1.00
2015.10.21 02:40:14.046,8.12502,8.12848,1.69,1.00
2015.10.21 02:40:16.407,8.12502,8.12828,1.69,1.00
2015.10.21 02:40:19.005,8.12502,8.12827,1.69,1.00
2015.10.21 02:40:21.589,8.12502,8.12808,1.69,1.00
2015.10.21 02:40:22.461,8.12412,8.12808,1.69,1.00
2015.10.21 02:40:22.686,8.12482,8.12808,1.69,1.00
2015.10.21 02:40:23.630,8.12482,8.12827,1.69,1.00
2015.10.21 02:40:32.404,8.12482,8.12818,1.69,1.00
2015.10.21 02:40:33.905,8.12482,8.12838,1.69,1.00
2015.10.21 02:40:43.918,8.12482,8.12828,1.69,1.00
2015.10.21 02:40:54.060,8.12482,8.12827,1.69,1.00
2015.10.21 02:40:54.575,8.12482,8.12828,1.69,1.00
2015.10.21 02:40:55.162,8.12482,8.12827,1.69,1.00
2015.10.21 02:40:55.883,8.12482,8.12828,1.69,1.00
2015.10.21 02:40:57.266,8.12482,8.12827,1.69,1.00
2015.10.21 02:40:58.065,8.12482,8.12828,1.69,1.00
2015.10.21 02:40:58.682,8.12482,8.12827,1.69,1.00
2015.10.21 02:40:59.252,8.12482,8.12828,1.69,1.00
2015.10.21 02:41:00.274,8.12482,8.12827,1.69,1.00
2015.10.21 02:41:03.680,8.12482,8.12818,1.69,1.00
2015.10.21 02:41:05.147,8.12482,8.12817,1.69,1.00
2015.10.21 02:41:06.048,8.12482,8.12818,1.69,1.00
2015.10.21 02:41:07.685,8.12432,8.12818,1.69,1.00
2015.10.21 02:41:07.787,8.12432,8.12808,1.69,1.00
2015.10.21 02:41:08.091,8.12432,8.12787,1.69,1.00
2015.10.21 02:41:08.607,8.12432,8.12788,1.69,1.00
2015.10.21 02:41:08.804,8.12392,8.12788,1.00,1.00
2015.10.21 02:41:08.857,8.12392,8.12778,1.00,1.00
2015.10.21 02:41:09.136,8.12382,8.12778,1.69,1.00
2015.10.21 02:41:09.889,8.12382,8.12768,1.69,1.00
2015.10.21 02:41:10.963,8.12382,8.12758,1.69,1.00
2015.10.21 02:41:11.791,8.12382,8.12768,1.69,1.00
2015.10.21 02:41:12.066,8.12382,8.12758,1.69,1.00
2015.10.21 02:41:27.594,8.12382,8.12747,1.69,1.00
2015.10.21 02:41:30.806,8.12382,8.12748,1.69,1.00
2015.10.21 02:41:47.625,8.12382,8.12758,1.69,1.00
2015.10.21 02:41:55.652,8.12382,8.12767,1.69,1.00
2015.10.21 02:41:56.169,8.12382,8.12768,1.69,1.00
2015.10.21 02:42:03.448,8.12382,8.12778,1.69,1.00
2015.10.21 02:42:04.267,8.12382,8.12777,1.69,1.00
2015.10.21 02:42:04.813,8.12382,8.12778,1.69,1.00
2015.10.21 02:42:07.454,8.12382,8.12777,1.69,1.00
2015.10.21 02:42:07.673,8.12382,8.12768,1.69,1.00
2015.10.21 02:42:08.793,8.12342,8.12768,1.00,1.00
2015.10.21 02:42:13.924,8.12302,8.12768,1.00,1.00
2015.10.21 02:42:14.693,8.12352,8.12768,1.00,1.00
2015.10.21 02:42:16.817,8.12352,8.12798,1.00,1.00
2015.10.21 02:42:16.918,8.12352,8.12808,1.00,1.00
2015.10.21 02:42:16.969,8.12432,8.12828,1.69,1.00
2015.10.21 02:42:17.671,8.12432,8.12837,1.69,1.00
2015.10.21 02:42:18.086,8.12462,8.12838,1.69,1.00
2015.10.21 02:42:20.948,8.12412,8.12838,1.00,1.00
2015.10.21 02:42:21.314,8.12383,8.12838,1.00,1.00
2015.10.21 02:42:21.525,8.12383,8.12828,1.00,1.00
2015.10.21 02:42:21.913,8.12462,8.12827,1.69,1.00
2015.10.21 02:42:22.251,8.12462,8.12818,1.69,1.00
2015.10.21 02:42:25.013,8.12462,8.12807,1.69,1.00
2015.10.21 02:42:26.108,8.12383,8.12808,1.00,1.00
2015.10.21 02:42:27.134,8.12342,8.12808,1.00,1.00
2015.10.21 02:42:27.236,8.12442,8.12807,1.69,1.00
2015.10.21 02:42:27.745,8.12442,8.12808,1.69,1.00
2015.10.21 02:42:28.238,8.12442,8.12798,1.69,1.00
2015.10.21 02:42:29.701,8.12442,8.12788,1.69,1.00
2015.10.21 02:42:30.028,8.12442,8.12778,1.69,1.00
2015.10.21 02:42:30.953,8.12412,8.12778,1.69,1.00
2015.10.21 02:42:31.306,8.12442,8.12818,1.69,1.00
2015.10.21 02:42:31.357,8.12442,8.12827,1.69,1.00
2015.10.21 02:42:31.413,8.12442,8.12818,1.69,1.00
2015.10.21 02:42:32.127,8.12442,8.12808,1.69,1.00
2015.10.21 02:42:32.178,8.12382,8.12808,1.00,1.00
2015.10.21 02:42:33.102,8.12343,8.12808,1.00,1.00
2015.10.21 02:42:33.153,8.12422,8.12808,1.69,1.00
2015.10.21 02:42:34.920,8.12422,8.12798,1.69,1.00
2015.10.21 02:42:36.637,8.12422,8.12788,1.69,1.00
2015.10.21 02:42:37.265,8.12422,8.12787,1.69,1.00
2015.10.21 02:42:37.866,8.12422,8.12788,1.69,1.00
2015.10.21 02:42:38.527,8.12422,8.12798,1.69,1.00
2015.10.21 02:42:38.729,8.12422,8.12808,1.69,1.00
2015.10.21 02:42:38.998,8.12383,8.12808,1.00,1.00
2015.10.21 02:42:39.557,8.12383,8.12807,1.00,1.00
2015.10.21 02:42:39.821,8.12342,8.12808,1.00,1.00
2015.10.21 02:42:39.973,8.12452,8.12808,1.69,1.00
2015.10.21 02:42:40.534,8.12452,8.12817,1.69,1.00
2015.10.21 02:42:41.131,8.12452,8.12818,1.69,1.00
2015.10.21 02:42:42.247,8.12452,8.12808,1.69,1.00
2015.10.21 02:42:42.586,8.12452,8.12798,1.69,1.00
2015.10.21 02:42:43.094,8.12452,8.12797,1.69,1.00
2015.10.21 02:42:43.878,8.12452,8.12798,1.69,1.00
2015.10.21 02:42:44.858,8.12452,8.12797,1.69,1.00
2015.10.21 02:42:45.792,8.12452,8.12798,1.69,1.00
2015.10.21 02:42:46.678,8.12452,8.12797,1.69,1.00
2015.10.21 02:42:47.212,8.12452,8.12798,1.69,1.00
2015.10.21 02:42:47.805,8.12452,8.12797,1.69,1.00
2015.10.21 02:42:48.471,8.12452,8.12798,1.69,1.00
2015.10.21 02:42:49.103,8.12452,8.12797,1.69,1.00
2015.10.21 02:42:54.876,8.12452,8.12807,1.69,1.00
2015.10.21 02:43:01.489,8.12452,8.12808,1.69,1.00
2015.10.21 02:43:02.394,8.12452,8.12828,1.69,1.00
2015.10.21 02:43:06.905,8.12452,8.12838,1.69,1.00
2015.10.21 02:43:08.423,8.12452,8.12817,1.69,1.00
2015.10.21 02:43:19.022,8.12452,8.12808,1.69,1.00
2015.10.21 02:43:21.228,8.12452,8.12818,1.69,1.00
2015.10.21 02:43:22.134,8.12452,8.12828,1.69,1.00
2015.10.21 02:43:28.336,8.12452,8.12838,1.69,1.00
2015.10.21 02:43:33.746,8.12452,8.12848,1.69,1.00
2015.10.21 02:43:34.855,8.12452,8.12847,1.69,1.00
2015.10.21 02:43:38.351,8.12452,8.12848,1.69,1.00
2015.10.21 02:43:40.178,8.12402,8.12848,1.00,1.00
2015.10.21 02:43:48.365,8.12402,8.12838,1.00,1.00
2015.10.21 02:44:06.204,8.12402,8.12848,1.00,1.00
2015.10.21 02:44:12.417,8.12402,8.12858,1.00,1.00
2015.10.21 02:44:15.662,8.12402,8.12838,1.00,1.00
2015.10.21 02:44:18.928,8.12402,8.12828,1.00,1.00
2015.10.21 02:44:20.793,8.12294,8.12828,1.00,1.00
2015.10.21 02:44:28.970,8.12294,8.12818,1.00,1.00
2015.10.21 02:44:29.365,8.12295,8.12807,1.00,1.00
2015.10.21 02:44:29.666,8.12294,8.12828,1.00,1.00
2015.10.21 02:44:30.447,8.12267,8.12828,1.00,1.00
2015.10.21 02:44:30.748,8.12329,8.12828,1.00,1.00
2015.10.21 02:44:31.174,8.12329,8.12818,1.00,1.00
2015.10.21 02:44:31.677,8.12267,8.12818,1.00,1.00
2015.10.21 02:44:31.829,8.12322,8.12818,1.69,1.00
2015.10.21 02:44:32.163,8.12328,8.12818,1.00,1.00
2015.10.21 02:44:32.820,8.12492,8.12818,1.69,1.00
2015.10.21 02:44:43.191,8.12492,8.12828,1.69,1.00
2015.10.21 02:44:49.967,8.12492,8.12818,1.69,1.00
2015.10.21 02:45:05.180,8.12432,8.12818,1.69,1.00
2015.10.21 02:45:06.150,8.12432,8.12817,1.69,1.00
2015.10.21 02:45:06.786,8.12432,8.12818,1.69,1.00
2015.10.21 02:45:07.260,8.12352,8.12818,1.00,1.00
2015.10.21 02:45:07.957,8.12403,8.12818,1.00,1.00
2015.10.21 02:45:08.299,8.12462,8.12818,1.69,1.00
2015.10.21 02:45:20.038,8.12462,8.12808,1.69,1.00
2015.10.21 02:45:26.636,8.12462,8.12798,1.69,1.00
2015.10.21 02:45:29.087,8.12462,8.12797,1.69,1.00
2015.10.21 02:45:39.700,8.12462,8.12808,1.69,1.00
2015.10.21 02:45:40.152,8.12362,8.12807,1.00,1.00
2015.10.21 02:45:40.658,8.12362,8.12808,1.00,1.00
2015.10.21 02:45:41.154,8.12452,8.12808,1.69,1.00
2015.10.21 02:45:55.280,8.12452,8.12798,1.69,1.00
2015.10.21 02:45:59.681,8.12452,8.12788,1.69,1.00
2015.10.21 02:46:00.194,8.12452,8.12787,1.69,1.00
2015.10.21 02:46:00.805,8.12452,8.12788,1.69,1.00
2015.10.21 02:46:03.705,8.12373,8.12788,1.00,1.00
2015.10.21 02:46:04.567,8.12332,8.12788,1.00,1.00
2015.10.21 02:46:04.669,8.12452,8.12788,1.69,1.00
2015.10.21 02:46:05.399,8.12452,8.12787,1.69,1.00
2015.10.21 02:46:05.449,8.12422,8.12787,1.69,1.00
2015.10.21 02:46:07.418,8.12422,8.12788,1.69,1.00
2015.10.21 02:46:07.545,8.12372,8.12788,1.00,1.00
2015.10.21 02:46:08.548,8.12422,8.12788,1.69,1.00
2015.10.21 02:46:12.604,8.12422,8.12798,1.69,1.00
2015.10.21 02:46:13.155,8.12372,8.12798,1.00,1.00
2015.10.21 02:46:13.207,8.12372,8.12808,1.00,1.00
2015.10.21 02:46:13.708,8.12372,8.12807,1.00,1.00
2015.10.21 02:46:14.128,8.12443,8.12807,1.69,1.00
2015.10.21 02:46:14.658,8.12443,8.12808,1.69,1.00
2015.10.21 02:46:17.937,8.12443,8.12807,1.69,1.00
2015.10.21 02:46:18.630,8.12443,8.12808,1.69,1.00
2015.10.21 02:46:20.917,8.12443,8.12807,1.69,1.00
2015.10.21 02:46:32.668,8.12443,8.12797,1.69,1.00
2015.10.21 02:46:33.232,8.12443,8.12798,1.69,1.00
2015.10.21 02:46:34.133,8.12443,8.12788,1.69,1.00
2015.10.21 02:46:34.834,8.12443,8.12798,1.69,1.00
2015.10.21 02:46:35.835,8.12443,8.12788,1.69,1.00
2015.10.21 02:46:35.936,8.12443,8.12798,1.69,1.00
2015.10.21 02:46:36.437,8.12443,8.12797,1.69,1.00
2015.10.21 02:46:37.138,8.12443,8.12788,1.69,1.00
2015.10.21 02:46:46.858,8.12443,8.12798,1.69,1.00
2015.10.21 02:46:47.678,8.12443,8.12808,1.69,1.00
2015.10.21 02:46:48.701,8.12443,8.12818,1.69,1.00
2015.10.21 02:46:58.709,8.12443,8.12817,1.69,1.00
2015.10.21 02:47:00.106,8.12443,8.12818,1.69,1.00
2015.10.21 02:47:03.792,8.12443,8.12817,1.69,1.00
2015.10.21 02:47:07.632,8.12443,8.12808,1.69,1.00
2015.10.21 02:47:10.100,8.12443,8.12798,1.69,1.00
2015.10.21 02:47:14.185,8.12372,8.12798,1.00,1.00
2015.10.21 02:47:24.234,8.12372,8.12817,1.00,1.00
2015.10.21 02:47:24.972,8.12422,8.12817,1.69,1.00
2015.10.21 02:47:25.576,8.12422,8.12818,1.69,1.00
2015.10.21 02:47:27.777,8.12422,8.12817,1.69,1.00
2015.10.21 02:47:28.350,8.12422,8.12818,1.69,1.00
2015.10.21 02:47:30.016,8.12372,8.12818,1.00,1.00
2015.10.21 02:47:31.006,8.12442,8.12818,1.69,1.00
2015.10.21 02:47:31.934,8.12442,8.12817,1.69,1.00
2015.10.21 02:47:32.635,8.12442,8.12818,1.69,1.00
2015.10.21 02:47:40.845,8.12442,8.12828,1.69,1.00
2015.10.21 02:47:49.056,8.12442,8.12827,1.69,1.00
2015.10.21 02:47:49.157,8.12442,8.12807,1.69,1.00
2015.10.21 02:47:50.058,8.12442,8.12808,1.69,1.00
2015.10.21 02:47:51.586,8.12442,8.12807,1.69,1.00
2015.10.21 02:47:52.096,8.12442,8.12808,1.69,1.00
2015.10.21 02:47:52.645,8.12442,8.12807,1.69,1.00
2015.10.21 02:47:53.372,8.12442,8.12817,1.69,1.00
2015.10.21 02:47:53.897,8.12442,8.12828,1.69,1.00
2015.10.21 02:47:53.998,8.12442,8.12838,1.69,1.00
2015.10.21 02:47:54.218,8.12382,8.12838,1.00,1.00
2015.10.21 02:47:54.269,8.12412,8.12827,1.00,1.00
2015.10.21 02:47:54.825,8.12412,8.12828,1.00,1.00
2015.10.21 02:47:55.154,8.12372,8.12828,1.00,1.00
2015.10.21 02:47:55.255,8.12472,8.12828,1.69,1.00
2015.10.21 02:47:56.232,8.12372,8.12828,1.00,1.00
2015.10.21 02:47:57.201,8.12472,8.12828,1.69,1.00
2015.10.21 02:47:57.795,8.12472,8.12818,1.69,1.00
2015.10.21 02:47:58.876,8.12472,8.12828,1.69,1.00
2015.10.21 02:48:08.891,8.12472,8.12818,1.69,1.00
2015.10.21 02:48:28.918,8.12472,8.12828,1.69,1.00
2015.10.21 02:48:30.921,8.12472,8.12837,1.69,1.00
2015.10.21 02:48:38.548,8.12472,8.12828,1.69,1.00
2015.10.21 02:48:38.861,8.12472,8.12818,1.69,1.00
2015.10.21 02:48:38.997,8.12432,8.12818,1.69,1.00
2015.10.21 02:48:40.865,8.12432,8.12808,1.69,1.00
2015.10.21 02:48:41.339,8.12432,8.12798,1.69,1.00
2015.10.21 02:48:42.249,8.12432,8.12797,1.69,1.00
2015.10.21 02:48:42.350,8.12432,8.12817,1.69,1.00
2015.10.21 02:48:42.451,8.12432,8.12828,1.69,1.00
2015.10.21 02:48:42.878,8.12432,8.12808,1.69,1.00
2015.10.21 02:48:43.382,8.12432,8.12797,1.69,1.00
2015.10.21 02:48:43.915,8.12432,8.12798,1.69,1.00
2015.10.21 02:48:44.847,8.12432,8.12787,1.69,1.00
2015.10.21 02:48:45.165,8.12432,8.12818,1.69,1.00
2015.10.21 02:48:55.164,8.12432,8.12808,1.69,1.00
2015.10.21 02:49:00.267,8.12432,8.12798,1.69,1.00
2015.10.21 02:49:00.649,8.12432,8.12787,1.69,1.00
2015.10.21 02:49:01.150,8.12432,8.12788,1.69,1.00
2015.10.21 02:49:02.207,8.12432,8.12768,1.69,1.00
2015.10.21 02:49:02.880,8.12432,8.12748,1.69,1.00
2015.10.21 02:49:03.082,8.12372,8.12748,1.69,1.00
2015.10.21 02:49:03.183,8.12372,8.12842,1.69,1.00
2015.10.21 02:49:04.108,8.12372,8.12843,1.69,1.00
2015.10.21 02:49:06.734,8.12372,8.12838,1.69,1.00
2015.10.21 02:49:07.072,8.12372,8.12867,1.69,1.00
2015.10.21 02:49:07.826,8.12433,8.12867,1.69,1.00
2015.10.21 02:49:08.215,8.12433,8.12858,1.69,1.00
2015.10.21 02:49:08.902,8.12433,8.12857,1.69,1.00
2015.10.21 02:49:10.433,8.12433,8.12818,1.69,1.00
2015.10.21 02:49:10.894,8.12433,8.12798,1.69,1.00
2015.10.21 02:49:11.412,8.12433,8.12807,1.69,1.00
2015.10.21 02:49:11.592,8.12433,8.12788,1.69,1.00
2015.10.21 02:49:12.342,8.12362,8.12788,1.69,1.00
2015.10.21 02:49:12.498,8.12362,8.12778,1.69,1.00
2015.10.21 02:49:12.902,8.12362,8.12748,1.69,1.00
2015.10.21 02:49:13.003,8.12294,8.12748,1.00,1.00
2015.10.21 02:49:13.104,8.12294,8.12728,1.00,1.00
2015.10.21 02:49:13.155,8.12292,8.12728,1.69,1.00
2015.10.21 02:49:13.413,8.12292,8.12718,1.69,1.00
2015.10.21 02:49:13.717,8.12292,8.12708,1.69,1.00
2015.10.21 02:49:14.424,8.12292,8.12697,1.69,1.00
2015.10.21 02:49:14.499,8.12292,8.12708,1.69,1.00
2015.10.21 02:49:14.934,8.12292,8.12698,1.69,1.00
2015.10.21 02:49:15.634,8.12292,8.12688,1.69,1.00
2015.10.21 02:49:16.404,8.12292,8.12718,1.69,1.00
2015.10.21 02:49:23.922,8.12292,8.12708,1.69,1.00
2015.10.21 02:49:26.426,8.12292,8.12698,1.69,1.00
2015.10.21 02:49:26.842,8.12322,8.12698,1.69,1.00
2015.10.21 02:49:27.028,8.12322,8.12707,1.69,1.00
2015.10.21 02:49:27.156,8.12322,8.12727,1.69,1.00
2015.10.21 02:49:27.632,8.12322,8.12718,1.69,1.00
2015.10.21 02:49:30.916,8.12322,8.12717,1.69,1.00
2015.10.21 02:49:32.134,8.12322,8.12718,1.69,1.00
2015.10.21 02:49:33.384,8.12322,8.12768,2.44,1.00
2015.10.21 02:49:34.533,8.12392,8.12768,1.69,1.00
2015.10.21 02:49:35.663,8.12392,8.12758,1.69,1.00
2015.10.21 02:49:37.154,8.12392,8.12788,1.69,1.00
2015.10.21 02:49:37.385,8.12392,8.12818,1.69,1.00
2015.10.21 02:49:38.145,8.12392,8.12807,1.69,1.00
2015.10.21 02:49:39.163,8.12392,8.12798,1.69,1.00
2015.10.21 02:49:42.362,8.12392,8.12818,2.44,1.00
2015.10.21 02:49:42.653,8.12403,8.12827,1.00,1.00
2015.10.21 02:49:44.156,8.12412,8.12828,1.00,1.00
2015.10.21 02:49:45.523,8.12412,8.12828,1.60,1.00
2015.10.21 02:49:45.826,8.12532,8.12828,1.69,1.00
2015.10.21 02:49:45.877,8.12532,8.12857,1.69,1.00
2015.10.21 02:49:46.173,8.12532,8.12848,1.69,1.00
2015.10.21 02:49:46.880,8.12592,8.12848,1.69,1.00
2015.10.21 02:49:47.675,8.12592,8.12837,1.69,1.00
2015.10.21 02:49:48.675,8.12592,8.12838,1.69,1.00
2015.10.21 02:49:51.414,8.12592,8.12868,1.69,1.00
2015.10.21 02:49:52.871,8.12592,8.12858,1.69,1.00
2015.10.21 02:49:57.093,8.12592,8.12838,1.69,1.00
2015.10.21 02:50:08.199,8.12592,8.12858,1.69,1.00
2015.10.21 02:50:08.409,8.12592,8.12867,1.69,1.00
2015.10.21 02:50:08.610,8.12592,8.12858,1.69,1.00
2015.10.21 02:50:09.904,8.12592,8.12847,1.69,1.00
2015.10.21 02:50:11.145,8.12592,8.12868,1.69,1.50
2015.10.21 02:50:11.246,8.12592,8.12858,1.69,1.00
2015.10.21 02:50:12.115,8.12592,8.12848,1.69,1.00
2015.10.21 02:50:17.418,8.12592,8.12838,1.69,1.00
2015.10.21 02:50:17.794,8.12592,8.12828,1.69,1.00
2015.10.21 02:50:19.424,8.12592,8.12818,1.69,1.00
2015.10.21 02:50:19.797,8.12553,8.12818,1.69,1.00
2015.10.21 02:50:20.483,8.12553,8.12808,1.69,1.00
2015.10.21 02:50:21.949,8.12553,8.12828,1.69,1.00
2015.10.21 02:50:22.623,8.12553,8.12818,1.69,1.00
2015.10.21 02:50:23.605,8.12553,8.12828,1.69,1.00
2015.10.21 02:50:24.135,8.12553,8.12827,1.69,1.00
2015.10.21 02:50:25.355,8.12553,8.12818,1.69,1.00
2015.10.21 02:50:26.124,8.12553,8.12828,1.69,1.50
2015.10.21 02:50:27.334,8.12553,8.12818,1.69,1.00
2015.10.21 02:50:27.590,8.12553,8.12828,1.69,1.50
2015.10.21 02:50:28.104,8.12553,8.12818,1.69,1.00
2015.10.21 02:50:28.327,8.12553,8.12828,1.69,1.50
2015.10.21 02:50:28.547,8.12553,8.12818,1.69,1.00
2015.10.21 02:50:29.425,8.12553,8.12828,1.69,1.50
2015.10.21 02:50:31.970,8.12553,8.12818,1.69,1.00
2015.10.21 02:50:34.148,8.12553,8.12828,1.69,1.50
2015.10.21 02:50:38.355,8.12553,8.12837,1.69,1.00
2015.10.21 02:50:38.774,8.12553,8.12828,1.69,1.00
2015.10.21 02:50:38.825,8.12513,8.12828,1.69,1.00
2015.10.21 02:50:39.565,8.12513,8.12838,1.69,1.50
2015.10.21 02:50:39.829,8.12552,8.12838,1.69,1.50
2015.10.21 02:50:40.173,8.12552,8.12828,1.69,1.00
2015.10.21 02:50:40.315,8.12552,8.12838,1.69,1.50
2015.10.21 02:50:40.884,8.12552,8.12837,1.69,1.00
2015.10.21 02:50:41.319,8.12552,8.12828,1.69,1.00
2015.10.21 02:50:53.895,8.12513,8.12828,1.69,1.00
2015.10.21 02:50:54.854,8.12562,8.12828,1.69,1.00
2015.10.21 02:50:58.416,8.12562,8.12838,1.69,1.50
2015.10.21 02:51:05.975,8.12562,8.12827,1.69,1.00
2015.10.21 02:51:08.748,8.12523,8.12778,1.69,1.00
2015.10.21 02:51:08.850,8.12462,8.12778,1.69,1.00
2015.10.21 02:51:09.150,8.12462,8.12768,1.69,1.00
2015.10.21 02:51:09.824,8.12512,8.12768,1.69,1.00
2015.10.21 02:51:10.403,8.12482,8.12768,1.69,1.00
2015.10.21 02:51:10.785,8.12482,8.12777,1.69,1.00
2015.10.21 02:51:11.793,8.12432,8.12777,2.44,1.00
2015.10.21 02:51:12.417,8.12452,8.12777,1.00,1.00
2015.10.21 02:51:12.783,8.12482,8.12777,1.69,1.00
2015.10.21 02:51:25.863,8.12482,8.12778,1.69,1.00
2015.10.21 02:51:25.914,8.12452,8.12778,1.00,1.00
2015.10.21 02:51:26.863,8.12482,8.12778,1.69,1.00
2015.10.21 02:51:30.046,8.12482,8.12777,1.69,1.00
2015.10.21 02:51:40.503,8.12482,8.12798,1.69,1.00
2015.10.21 02:51:40.859,8.12472,8.12798,1.00,1.00
2015.10.21 02:51:41.859,8.12482,8.12798,1.69,1.00
2015.10.21 02:51:43.833,8.12472,8.12798,1.00,1.00
2015.10.21 02:51:43.894,8.12472,8.12788,1.00,1.00
2015.10.21 02:51:44.163,8.12472,8.12798,1.00,1.00
2015.10.21 02:51:44.823,8.12482,8.12798,1.69,1.00
2015.10.21 02:51:45.892,8.12472,8.12798,1.00,1.00
2015.10.21 02:51:46.925,8.12482,8.12798,1.69,1.00
2015.10.21 02:51:47.523,8.12482,8.12788,1.69,1.00
2015.10.21 02:51:49.569,8.12482,8.12798,1.69,1.50
2015.10.21 02:51:50.273,8.12482,8.12788,1.69,1.00
2015.10.21 02:51:51.413,8.12482,8.12798,1.69,1.50
2015.10.21 02:51:51.593,8.12482,8.12788,1.69,1.00
2015.10.21 02:51:52.293,8.12482,8.12787,1.69,1.00
2015.10.21 02:51:52.635,8.12482,8.12778,1.69,1.00
2015.10.21 02:51:52.956,8.12482,8.12768,1.69,1.00
2015.10.21 02:51:53.066,8.12482,8.12777,1.69,1.00
2015.10.21 02:51:53.353,8.12482,8.12767,1.69,1.00
2015.10.21 02:51:54.382,8.12482,8.12777,1.69,1.50
2015.10.21 02:51:54.823,8.12482,8.12768,1.69,1.00
2015.10.21 02:52:02.901,8.12482,8.12778,1.69,1.50
2015.10.21 02:52:11.612,8.12482,8.12768,1.69,1.00
2015.10.21 02:52:13.316,8.12482,8.12788,1.69,1.50
2015.10.21 02:52:13.518,8.12482,8.12797,1.69,1.00
2015.10.21 02:52:13.619,8.12482,8.12818,1.69,1.50
2015.10.21 02:52:14.409,8.12532,8.12818,1.69,1.50
2015.10.21 02:52:14.799,8.12532,8.12807,1.69,1.00
2015.10.21 02:52:14.851,8.12532,8.12817,1.69,1.00
2015.10.21 02:52:15.398,8.12532,8.12818,1.69,1.00
2015.10.21 02:52:17.926,8.12532,8.12808,1.69,1.00
2015.10.21 02:52:19.175,8.12532,8.12818,1.69,1.00
2015.10.21 02:52:22.061,8.12532,8.12827,1.69,1.00
2015.10.21 02:52:22.379,8.12532,8.12848,1.69,1.00
2015.10.21 02:52:22.554,8.12532,8.12828,1.69,1.00
2015.10.21 02:52:22.883,8.12532,8.12818,1.69,1.00
2015.10.21 02:52:23.054,8.12532,8.12837,1.69,1.00
2015.10.21 02:52:23.784,8.12532,8.12838,1.69,1.00
2015.10.21 02:52:23.886,8.12502,8.12838,1.00,1.00
2015.10.21 02:52:24.084,8.12502,8.12828,1.00,1.00
2015.10.21 02:52:24.870,8.12532,8.12828,1.69,1.00
2015.10.21 02:52:25.032,8.12532,8.12838,1.69,1.00
2015.10.21 02:52:26.388,8.12532,8.12828,1.69,1.00
2015.10.21 02:52:27.390,8.12532,8.12827,1.69,1.00
2015.10.21 02:52:36.033,8.12532,8.12828,1.69,1.50
2015.10.21 02:52:47.253,8.12532,8.12818,1.69,1.00
2015.10.21 02:53:25.118,8.12492,8.12818,1.00,1.00
2015.10.21 02:53:30.726,8.12492,8.12828,1.00,1.50
2015.10.21 02:53:33.330,8.12503,8.12828,1.00,1.00
2015.10.21 02:53:34.110,8.12503,8.12827,1.00,1.00
2015.10.21 02:53:35.100,8.12503,8.12828,1.00,1.00
2015.10.21 02:53:43.368,8.12503,8.12827,1.00,1.00
2015.10.21 02:53:53.368,8.12502,8.12828,1.00,1.00
2015.10.21 02:54:23.171,8.12502,8.12818,1.00,1.00
2015.10.21 02:54:42.453,8.12512,8.12827,1.00,1.00
2015.10.21 02:54:52.356,8.12502,8.12827,1.00,1.00
2015.10.21 02:54:56.390,8.12502,8.12818,1.00,1.00
2015.10.21 02:54:57.160,8.12502,8.12828,1.00,1.00
2015.10.21 02:55:00.277,8.12502,8.12818,1.00,1.00
2015.10.21 02:55:01.235,8.12502,8.12828,1.00,1.00
2015.10.21 02:55:02.330,8.12502,8.12818,1.00,1.00
2015.10.21 02:55:02.810,8.12502,8.12828,1.00,1.50
2015.10.21 02:55:03.139,8.12502,8.12818,1.00,1.00
2015.10.21 02:55:04.859,8.12502,8.12827,1.00,1.00
2015.10.21 02:55:05.079,8.12502,8.12818,1.00,1.00
2015.10.21 02:55:11.350,8.12502,8.12827,1.00,1.00
2015.10.21 02:55:11.609,8.12502,8.12817,1.00,1.00
2015.10.21 02:55:21.399,8.12502,8.12828,1.00,1.00
2015.10.21 02:55:21.603,8.12502,8.12817,1.00,1.00
2015.10.21 02:55:22.348,8.12502,8.12827,1.00,1.00
2015.10.21 02:55:27.519,8.12502,8.12817,1.00,1.00
2015.10.21 02:55:28.102,8.12502,8.12828,1.00,1.00
2015.10.21 02:55:36.023,8.12492,8.12828,1.00,1.50
2015.10.21 02:55:36.426,8.12482,8.12817,1.00,1.00
2015.10.21 02:55:36.641,8.12463,8.12807,1.00,1.00
2015.10.21 02:55:36.868,8.12463,8.12788,1.00,1.00
2015.10.21 02:55:37.221,8.12503,8.12788,1.69,1.00
2015.10.21 02:55:43.121,8.12503,8.12778,1.69,1.00
2015.10.21 02:55:51.835,8.12503,8.12797,1.69,1.00
2015.10.21 02:55:52.837,8.12503,8.12788,1.69,1.00
2015.10.21 02:55:53.828,8.12503,8.12797,1.69,1.00
2015.10.21 02:55:54.578,8.12503,8.12788,1.69,1.00
2015.10.21 02:56:20.800,8.12413,8.12788,1.69,1.50
2015.10.21 02:56:20.908,8.12413,8.12808,1.69,1.00
2015.10.21 02:56:21.307,8.12413,8.12818,1.69,1.50
2015.10.21 02:56:22.077,8.12413,8.12808,1.69,1.00
2015.10.21 02:56:22.380,8.12413,8.12798,1.69,1.00
2015.10.21 02:56:22.851,8.12413,8.12808,1.69,1.00
2015.10.21 02:56:23.067,8.12413,8.12797,1.69,1.00
2015.10.21 02:56:23.901,8.12413,8.12778,1.69,1.00
2015.10.21 02:56:24.057,8.12413,8.12798,1.69,1.00
2015.10.21 02:56:27.067,8.12413,8.12808,1.69,1.00
2015.10.21 02:56:27.357,8.12413,8.12818,1.69,1.50
2015.10.21 02:56:28.026,8.12413,8.12798,1.69,1.00
2015.10.21 02:56:28.353,8.12413,8.12808,1.69,1.00
2015.10.21 02:56:28.567,8.12413,8.12788,1.69,1.00
2015.10.21 02:56:28.819,8.12413,8.12808,1.69,1.00
2015.10.21 02:56:29.343,8.12413,8.12788,1.69,1.00
2015.10.21 02:56:29.597,8.12413,8.12798,1.69,1.00
2015.10.21 02:56:31.137,8.12413,8.12788,1.69,1.00
2015.10.21 02:56:32.868,8.12413,8.12778,1.69,1.00
2015.10.21 02:56:33.171,8.12413,8.12748,1.69,1.00
2015.10.21 02:56:37.008,8.12413,8.12747,1.69,1.00
2015.10.21 02:56:37.409,8.12413,8.12758,1.69,1.00
2015.10.21 02:56:46.957,8.12413,8.12757,1.69,1.00
2015.10.21 02:56:49.125,8.12413,8.12748,1.69,1.00
2015.10.21 02:56:59.138,8.12413,8.12757,1.69,1.00
2015.10.21 02:57:07.337,8.12342,8.12757,1.69,1.00
2015.10.21 02:57:07.387,8.12342,8.12748,1.69,1.00
2015.10.21 02:57:07.438,8.12283,8.12748,1.00,1.00
2015.10.21 02:57:08.151,8.12283,8.12758,1.00,1.00
2015.10.21 02:57:13.858,8.12283,8.12738,1.00,1.00
2015.10.21 02:57:14.877,8.12261,8.12738,1.00,1.00
2015.10.21 02:57:15.197,8.12261,8.12767,1.00,1.00
2015.10.21 02:57:15.276,8.12261,8.12767,1.37,1.00
2015.10.21 02:57:15.780,8.12262,8.12768,1.12,1.00
2015.10.21 02:57:16.390,8.12292,8.12758,1.07,1.00
2015.10.21 02:57:16.720,8.12312,8.12758,1.69,1.00
2015.10.21 02:57:17.100,8.12312,8.12748,1.69,1.00
2015.10.21 02:57:19.175,8.12312,8.12738,1.69,1.00
2015.10.21 02:57:29.711,8.12322,8.12758,1.00,1.00
2015.10.21 02:57:39.630,8.12322,8.12748,1.00,1.00
2015.10.21 02:57:49.641,8.12312,8.12748,2.44,1.00
2015.10.21 02:57:59.616,8.12313,8.12737,1.00,1.00
2015.10.21 02:58:02.665,8.12323,8.12757,1.00,1.00
2015.10.21 02:58:10.533,8.12332,8.12768,1.00,1.00
2015.10.21 02:58:11.384,8.12323,8.12747,1.00,1.00
2015.10.21 02:58:11.764,8.12312,8.12738,2.44,1.00
2015.10.21 02:58:12.675,8.12322,8.12748,1.00,1.00
2015.10.21 02:58:27.676,8.12313,8.12737,1.00,1.00
2015.10.21 02:58:34.888,8.12302,8.12728,1.00,1.00
2015.10.21 02:58:35.376,8.12312,8.12738,1.00,1.00
2015.10.21 02:58:37.590,8.12332,8.12768,1.00,1.00
2015.10.21 02:58:40.140,8.12322,8.12748,1.00,1.00
2015.10.21 02:58:58.734,8.12313,8.12747,1.00,1.00
2015.10.21 02:59:00.134,8.12312,8.12738,1.00,1.00
2015.10.21 02:59:10.852,8.12322,8.12758,1.00,1.00
2015.10.21 02:59:20.866,8.12323,8.12747,1.00,1.00
2015.10.21 02:59:26.777,8.12312,8.12748,1.00,1.00
2015.10.21 02:59:27.894,8.12312,8.12738,1.00,1.00
2015.10.21 02:59:33.089,8.12302,8.12718,1.00,1.00
2015.10.21 02:59:41.415,8.12292,8.12718,1.00,1.00
2015.10.21 02:59:44.908,8.12302,8.12738,1.00,1.00
2015.10.21 02:59:46.912,8.12302,8.12728,1.00,1.00
2015.10.21 02:59:52.808,8.12293,8.12727,1.00,1.00
