2014.05.02 01:00:05.103,5.94555,5.94832,1.18,2.07
2014.05.02 01:00:13.228,5.94572,5.94832,1.18,2.07
2014.05.02 01:00:33.263,5.94602,5.94832,1.18,2.07
2014.05.02 01:00:54.178,5.946,5.94832,1.18,2.07
2014.05.02 01:01:05.178,5.946,5.94952,1.18,1.10
2014.05.02 01:01:15.263,5.946,5.94953,1.18,1.15
2014.05.02 01:01:15.314,5.94577,5.94935,1.18,1.18
2014.05.02 01:01:35.728,5.94576,5.94934,1.08,1.18
2014.05.02 01:01:47.155,5.94576,5.94792,1.08,2.07
2014.05.02 01:01:47.256,5.94576,5.94792,1.00,2.07
2014.05.02 01:01:47.307,5.94477,5.94792,1.00,2.07
2014.05.02 01:01:47.458,5.94518,5.94792,1.18,2.07
2014.05.02 01:01:47.610,5.94597,5.94893,2.07,2.15
2014.05.02 01:01:49.643,5.94601,5.94893,1.18,2.07
2014.05.02 01:02:08.907,5.94658,5.94893,1.18,2.07
2014.05.02 01:02:16.030,5.94631,5.94893,1.00,2.07
2014.05.02 01:02:16.081,5.94631,5.94793,1.00,2.07
2014.05.02 01:02:16.131,5.94541,5.94793,1.00,2.07
2014.05.02 01:02:16.200,5.94521,5.94793,1.00,2.07
2014.05.02 01:02:16.318,5.94462,5.94793,1.00,2.07
2014.05.02 01:02:16.554,5.94408,5.94793,1.00,2.07
2014.05.02 01:02:16.859,5.94453,5.94793,1.00,2.07
2014.05.02 01:02:18.070,5.94517,5.94793,1.00,2.07
2014.05.02 01:02:18.372,5.9455,5.94793,1.18,2.07
2014.05.02 01:02:18.423,5.94598,5.94892,2.07,2.07
2014.05.02 01:02:22.240,5.9461,5.94892,1.18,2.07
2014.05.02 01:02:42.201,5.94644,5.94892,1.18,2.07
2014.05.02 01:03:02.186,5.94648,5.94892,1.18,2.07
2014.05.02 01:03:18.712,5.94648,5.94962,1.18,1.00
2014.05.02 01:03:21.344,5.94648,5.94973,1.18,1.00
2014.05.02 01:03:34.542,5.94658,5.95006,1.00,1.18
2014.05.02 01:03:34.844,5.94658,5.94942,1.00,2.07
2014.05.02 01:03:35.521,5.94667,5.94942,1.00,2.07
2014.05.02 01:03:43.286,5.94672,5.94942,1.18,2.07
2014.05.02 01:03:44.383,5.94692,5.94942,1.18,2.07
2014.05.02 01:04:24.267,5.94689,5.94942,1.18,2.07
2014.05.02 01:04:35.001,5.94689,5.95026,1.18,1.00
2014.05.02 01:04:45.022,5.94689,5.95047,1.18,1.18
2014.05.02 01:04:45.265,5.94692,5.95048,1.18,1.18
2014.05.02 01:05:06.394,5.94689,5.95045,1.18,1.18
2014.05.02 01:05:26.380,5.94695,5.9505,1.18,1.18
2014.05.02 01:05:46.995,5.94685,5.95041,1.18,1.18
2014.05.02 01:06:07.079,5.94673,5.95029,1.18,1.18
2014.05.02 01:06:27.262,5.94672,5.95028,1.18,1.18
2014.05.02 01:07:07.779,5.94673,5.95029,1.18,1.18
2014.05.02 01:07:28.322,5.94674,5.9503,1.18,1.18
2014.05.02 01:07:31.141,5.94708,5.95002,2.07,2.07
2014.05.02 01:08:13.160,5.94738,5.95032,2.07,2.07
2014.05.02 01:08:13.528,5.94738,5.95026,2.07,1.00
2014.05.02 01:08:14.200,5.94738,5.95027,2.07,1.00
2014.05.02 01:08:22.720,5.94738,5.95026,2.07,1.00
2014.05.02 01:09:13.498,5.9469,5.95026,1.18,1.00
2014.05.02 01:09:21.899,5.94708,5.95002,2.07,2.07
2014.05.02 01:10:22.166,5.94679,5.95036,1.18,1.18
2014.05.02 01:10:31.175,5.9468,5.95038,1.18,1.18
2014.05.02 01:10:51.220,5.94682,5.95038,1.18,1.18
2014.05.02 01:11:11.576,5.94686,5.95043,1.18,1.18
2014.05.02 01:11:32.298,5.94686,5.95042,1.18,1.18
2014.05.02 01:11:53.214,5.94685,5.95041,1.18,1.18
2014.05.02 01:12:13.340,5.94691,5.95047,1.18,1.18
2014.05.02 01:12:33.325,5.94686,5.95041,1.18,1.18
2014.05.02 01:12:54.209,5.94686,5.95042,1.18,1.18
2014.05.02 01:13:14.254,5.94685,5.95041,1.18,1.18
2014.05.02 01:13:35.219,5.94691,5.95047,1.18,1.18
2014.05.02 01:13:49.945,5.94707,5.95047,1.00,1.18
2014.05.02 01:13:50.283,5.94748,5.95042,2.07,2.15
2014.05.02 01:13:56.238,5.94748,5.95042,2.07,2.07
2014.05.02 01:14:50.080,5.94709,5.95067,1.18,1.18
2014.05.02 01:14:57.229,5.94695,5.95051,1.25,1.18
2014.05.02 01:15:03.993,5.94717,5.95013,2.07,2.07
2014.05.02 01:15:05.457,5.94788,5.95051,2.07,1.18
2014.05.02 01:15:06.632,5.94707,5.95033,1.50,2.07
2014.05.02 01:15:06.683,5.94695,5.95033,1.18,2.07
2014.05.02 01:15:06.884,5.94638,5.95002,1.18,1.18
2014.05.02 01:15:07.072,5.94647,5.95002,2.07,1.18
2014.05.02 01:15:27.238,5.9465,5.95002,1.18,1.18
2014.05.02 01:15:27.289,5.9467,5.95028,1.18,1.18
2014.05.02 01:15:47.197,5.94667,5.95025,1.18,1.18
2014.05.02 01:16:28.568,5.94684,5.9504,1.18,1.18
2014.05.02 01:16:33.181,5.94711,5.9504,1.00,1.18
2014.05.02 01:16:34.077,5.94808,5.9504,2.07,1.18
2014.05.02 01:16:36.418,5.94808,5.95026,2.07,1.00
2014.05.02 01:16:39.837,5.94837,5.95026,2.07,1.00
2014.05.02 01:17:13.280,5.94808,5.95026,2.07,1.00
2014.05.02 01:17:17.125,5.94808,5.95027,2.07,1.00
2014.05.02 01:17:18.325,5.94838,5.95027,2.07,1.00
2014.05.02 01:18:17.858,5.94838,5.95102,2.07,1.00
2014.05.02 01:18:18.371,5.94765,5.95102,1.18,1.00
2014.05.02 01:18:20.008,5.94765,5.95103,1.18,1.00
2014.05.02 01:18:20.059,5.94761,5.95103,1.18,1.00
2014.05.02 01:18:21.232,5.94761,5.95102,1.18,1.00
2014.05.02 01:18:24.224,5.94761,5.95103,1.18,1.00
2014.05.02 01:18:28.010,5.94778,5.95103,1.50,1.00
2014.05.02 01:18:29.208,5.94778,5.95102,1.50,1.00
2014.05.02 01:18:32.571,5.94778,5.95103,1.50,1.00
2014.05.02 01:18:40.213,5.94778,5.95102,1.50,1.00
2014.05.02 01:18:42.320,5.94778,5.95103,1.50,1.00
2014.05.02 01:18:43.225,5.94778,5.95102,1.50,1.00
2014.05.02 01:18:44.328,5.94778,5.95103,1.50,1.00
2014.05.02 01:18:47.302,5.94778,5.95102,1.50,1.00
2014.05.02 01:18:55.322,5.94778,5.95103,1.50,1.00
2014.05.02 01:19:00.138,5.94778,5.95102,1.50,1.00
2014.05.02 01:19:07.158,5.94778,5.95103,1.50,1.00
2014.05.02 01:19:18.196,5.94778,5.95102,1.50,1.00
2014.05.02 01:19:21.259,5.94758,5.95102,2.40,1.00
2014.05.02 01:19:21.310,5.94758,5.95102,1.50,1.08
2014.05.02 01:19:41.168,5.94758,5.95099,1.50,1.18
2014.05.02 01:20:42.285,5.94758,5.95098,1.50,1.18
2014.05.02 01:21:03.061,5.94807,5.95093,2.07,2.15
2014.05.02 01:21:23.285,5.94807,5.95093,2.07,2.15
2014.05.02 01:21:44.262,5.94807,5.95093,2.07,2.15
2014.05.02 01:22:03.579,5.94742,5.95098,1.18,1.18
2014.05.02 01:22:04.894,5.94738,5.95096,2.40,1.18
2014.05.02 01:22:20.435,5.94747,5.95096,1.00,1.18
2014.05.02 01:22:25.279,5.94747,5.95099,1.10,1.18
2014.05.02 01:23:06.593,5.94738,5.95093,1.58,1.18
2014.05.02 01:23:26.755,5.94745,5.95102,1.18,1.08
2014.05.02 01:23:46.938,5.94743,5.95099,1.18,1.18
2014.05.02 01:24:07.173,5.94739,5.95097,1.18,1.18
2014.05.02 01:24:12.873,5.94748,5.95097,1.00,1.18
2014.05.02 01:24:14.660,5.94757,5.95097,1.00,1.18
2014.05.02 01:24:15.853,5.94767,5.95097,1.00,1.18
2014.05.02 01:24:16.199,5.94777,5.95027,1.50,1.00
2014.05.02 01:24:16.300,5.94758,5.95027,1.50,1.00
2014.05.02 01:24:16.694,5.94777,5.95027,1.50,1.00
2014.05.02 01:25:16.594,5.94777,5.95102,2.25,1.00
2014.05.02 01:25:22.227,5.94777,5.95103,2.25,1.00
2014.05.02 01:25:26.925,5.94767,5.95103,1.08,1.00
2014.05.02 01:25:29.524,5.94761,5.95103,1.18,1.00
2014.05.02 01:25:50.323,5.94762,5.95103,1.18,1.00
2014.05.02 01:26:10.274,5.94758,5.95103,2.33,1.00
2014.05.02 01:26:20.729,5.94768,5.95103,1.00,1.00
2014.05.02 01:26:21.094,5.94778,5.95102,2.25,1.00
2014.05.02 01:26:21.432,5.94838,5.95103,2.07,1.00
2014.05.02 01:26:23.703,5.94838,5.95026,2.07,1.00
2014.05.02 01:27:21.322,5.94778,5.95026,1.50,1.00
2014.05.02 01:27:23.859,5.94778,5.95102,1.50,1.00
2014.05.02 01:27:24.412,5.94778,5.95103,1.50,1.00
2014.05.02 01:27:46.320,5.94768,5.95103,1.58,1.00
2014.05.02 01:27:52.638,5.94768,5.95103,1.58,1.00
2014.05.02 01:28:05.677,5.94777,5.95103,1.00,1.00
2014.05.02 01:28:12.879,5.94768,5.95103,1.58,1.00
2014.05.02 01:28:17.994,5.94768,5.95102,1.58,1.00
2014.05.02 01:28:29.441,5.94787,5.95102,1.50,1.00
2014.05.02 01:28:29.764,5.94787,5.95026,1.50,1.00
2014.05.02 01:28:35.569,5.94788,5.95026,1.00,1.00
2014.05.02 01:28:36.681,5.94787,5.95026,1.50,1.00
2014.05.02 01:29:30.125,5.94787,5.95102,1.50,1.00
2014.05.02 01:29:37.070,5.94787,5.95103,1.50,1.00
2014.05.02 01:29:37.978,5.94787,5.95102,1.50,1.00
2014.05.02 01:29:39.187,5.94787,5.95059,1.50,1.00
2014.05.02 01:29:39.627,5.94798,5.95059,1.00,1.00
2014.05.02 01:29:39.828,5.94787,5.95059,2.25,1.00
2014.05.02 01:29:59.513,5.94787,5.95027,2.25,1.00
2014.05.02 01:30:01.740,5.94788,5.95027,1.00,1.00
2014.05.02 01:30:06.779,5.94787,5.95027,1.50,1.00
2014.05.02 01:30:20.152,5.94784,5.95027,1.00,1.00
2014.05.02 01:30:20.203,5.94768,5.95027,1.50,1.00
2014.05.02 01:30:38.370,5.94778,5.95027,1.50,1.00
2014.05.02 01:30:40.800,5.94778,5.95026,1.50,1.00
2014.05.02 01:31:03.928,5.9477,5.95026,1.00,1.00
2014.05.02 01:31:05.717,5.94777,5.95026,1.00,1.00
2014.05.02 01:31:06.269,5.9477,5.95026,1.00,1.00
2014.05.02 01:31:06.421,5.94788,5.95026,1.00,1.00
2014.05.02 01:31:33.587,5.94808,5.95026,1.00,1.00
2014.05.02 01:31:34.367,5.94808,5.95027,1.00,1.00
2014.05.02 01:31:36.738,5.94818,5.95027,1.00,1.00
2014.05.02 01:31:42.127,5.94807,5.95027,1.00,1.00
2014.05.02 01:31:46.877,5.94817,5.95027,1.00,1.00
2014.05.02 01:31:48.857,5.94828,5.95027,1.00,1.00
2014.05.02 01:31:51.827,5.94817,5.95027,1.00,1.00
2014.05.02 01:32:08.546,5.94827,5.95027,1.00,1.00
2014.05.02 01:32:09.219,5.94837,5.95027,1.00,1.00
2014.05.02 01:32:09.428,5.94827,5.95027,1.00,1.00
2014.05.02 01:32:10.638,5.94818,5.95027,1.50,1.00
2014.05.02 01:32:11.717,5.94867,5.95027,2.07,1.00
2014.05.02 01:32:30.260,5.94867,5.95026,2.07,1.00
2014.05.02 01:33:06.005,5.94867,5.95027,2.07,1.00
2014.05.02 01:33:11.796,5.94858,5.95027,1.00,1.00
2014.05.02 01:33:12.055,5.94847,5.95027,1.00,1.00
2014.05.02 01:33:22.417,5.94858,5.95027,1.00,1.00
2014.05.02 01:33:23.385,5.94847,5.95027,1.00,1.00
2014.05.02 01:33:43.955,5.94838,5.95027,1.00,1.00
2014.05.02 01:34:05.977,5.94848,5.95027,1.00,1.00
2014.05.02 01:34:18.394,5.94828,5.95027,2.25,1.00
2014.05.02 01:34:18.495,5.94831,5.95027,1.00,1.00
2014.05.02 01:34:18.598,5.94828,5.95027,2.25,1.00
2014.05.02 01:34:23.553,5.94857,5.95027,1.00,1.00
2014.05.02 01:34:23.773,5.94848,5.95027,1.00,1.00
2014.05.02 01:34:26.303,5.94837,5.95027,1.00,1.00
2014.05.02 01:34:27.773,5.94831,5.95027,1.00,1.00
2014.05.02 01:34:37.633,5.94838,5.95027,1.00,1.00
2014.05.02 01:34:47.643,5.94831,5.95027,1.00,1.00
2014.05.02 01:34:50.723,5.94838,5.95027,1.00,1.00
2014.05.02 01:34:53.101,5.94838,5.95026,1.00,1.00
2014.05.02 01:35:02.273,5.94837,5.95026,1.00,1.00
2014.05.02 01:35:07.390,5.94827,5.95026,1.50,1.00
2014.05.02 01:35:08.544,5.94828,5.95026,1.00,1.00
2014.05.02 01:35:09.575,5.94837,5.95026,1.00,1.00
2014.05.02 01:35:10.414,5.94827,5.95026,2.25,1.00
2014.05.02 01:35:14.268,5.94832,5.95026,1.00,1.00
2014.05.02 01:35:15.768,5.94827,5.95027,1.00,1.00
2014.05.02 01:35:16.904,5.94837,5.95027,1.00,1.00
2014.05.02 01:35:19.654,5.94828,5.95027,1.00,1.00
2014.05.02 01:35:32.216,5.94837,5.95027,1.00,1.00
2014.05.02 01:35:38.025,5.94828,5.95027,1.00,1.00
2014.05.02 01:35:57.863,5.94838,5.95027,1.00,1.00
2014.05.02 01:35:58.703,5.94828,5.95027,1.00,1.00
2014.05.02 01:36:00.024,5.94837,5.95027,1.00,1.00
2014.05.02 01:36:16.332,5.94837,5.95103,1.00,1.00
2014.05.02 01:36:18.975,5.94827,5.95103,1.00,1.00
2014.05.02 01:36:39.292,5.94817,5.95103,1.00,1.00
2014.05.02 01:36:39.732,5.94828,5.95103,1.00,1.00
2014.05.02 01:37:42.644,5.94808,5.95103,1.50,1.00
2014.05.02 01:37:44.589,5.94808,5.95017,1.50,1.00
2014.05.02 01:38:04.982,5.94818,5.95017,1.00,1.00
2014.05.02 01:38:46.001,5.94818,5.95103,1.00,1.00
2014.05.02 01:38:59.650,5.94827,5.95103,1.00,1.00
2014.05.02 01:40:00.589,5.94808,5.95103,1.50,1.00
2014.05.02 01:40:15.771,5.94793,5.95149,1.18,1.18
2014.05.02 01:40:36.438,5.94822,5.95018,1.00,1.00
2014.05.02 01:40:36.628,5.94801,5.95018,1.00,1.00
2014.05.02 01:41:25.339,5.94808,5.95018,1.00,1.00
2014.05.02 01:41:37.178,5.94808,5.951,1.00,1.18
2014.05.02 01:42:08.348,5.94818,5.951,1.00,1.18
2014.05.02 01:42:28.596,5.94808,5.951,1.00,1.18
2014.05.02 01:42:56.535,5.94808,5.95101,1.00,1.18
2014.05.02 01:43:17.150,5.94808,5.95103,1.00,1.08
2014.05.02 01:43:28.645,5.94798,5.95103,1.00,1.08
2014.05.02 01:43:53.506,5.94807,5.95103,1.00,1.08
2014.05.02 01:43:55.264,5.94798,5.95103,1.00,1.08
2014.05.02 01:44:04.086,5.94808,5.95103,1.00,1.08
2014.05.02 01:44:04.435,5.94818,5.95103,1.00,1.08
2014.05.02 01:44:39.201,5.94818,5.95103,1.00,1.00
2014.05.02 01:44:39.261,5.94818,5.95103,1.00,1.08
2014.05.02 01:44:50.815,5.94808,5.95103,1.00,1.08
2014.05.02 01:44:59.254,5.94808,5.95103,1.00,1.08
2014.05.02 01:45:20.236,5.94808,5.95103,1.00,1.10
2014.05.02 01:45:41.226,5.94808,5.95108,1.00,1.18
2014.05.02 01:45:52.683,5.94752,5.95108,1.18,1.18
2014.05.02 01:46:02.251,5.94749,5.95107,1.18,1.18
2014.05.02 01:46:03.853,5.94818,5.95107,1.00,1.18
2014.05.02 01:46:22.306,5.94818,5.95099,1.00,1.18
2014.05.02 01:47:04.215,5.94818,5.951,1.00,1.18
2014.05.02 01:47:05.225,5.94762,5.951,1.00,1.18
2014.05.02 01:47:05.392,5.94742,5.951,1.18,1.18
2014.05.02 01:47:24.210,5.94741,5.95099,1.18,1.18
2014.05.02 01:47:29.633,5.94807,5.95099,1.00,1.18
2014.05.02 01:48:05.250,5.94807,5.951,1.00,1.18
2014.05.02 01:48:12.752,5.94818,5.951,1.00,1.18
2014.05.02 01:48:13.191,5.94808,5.951,1.00,1.18
2014.05.02 01:48:13.301,5.94797,5.951,1.00,1.18
2014.05.02 01:48:23.973,5.94808,5.951,1.00,1.18
2014.05.02 01:48:38.934,5.94817,5.951,1.00,1.18
2014.05.02 01:48:46.401,5.94817,5.95109,1.00,1.18
2014.05.02 01:48:59.297,5.94808,5.95109,1.00,1.18
2014.05.02 01:49:07.294,5.94808,5.95107,1.00,1.18
2014.05.02 01:49:28.238,5.94808,5.95106,1.00,1.18
2014.05.02 01:49:32.279,5.94818,5.95106,1.00,1.18
2014.05.02 01:49:49.203,5.94818,5.95107,1.00,1.18
2014.05.02 01:49:54.207,5.94808,5.95107,1.00,1.18
2014.05.02 01:50:41.849,5.94798,5.95102,1.00,1.08
2014.05.02 01:50:46.141,5.94808,5.95103,1.00,1.08
2014.05.02 01:50:46.580,5.94818,5.95103,1.00,1.08
2014.05.02 01:50:48.120,5.94808,5.95103,1.00,1.08
2014.05.02 01:50:50.930,5.94808,5.95102,1.00,1.08
2014.05.02 01:51:11.350,5.94808,5.95103,1.00,1.08
2014.05.02 01:51:17.099,5.94798,5.95102,1.00,1.08
2014.05.02 01:51:32.188,5.94798,5.95101,1.00,1.18
2014.05.02 01:51:52.314,5.94798,5.95103,1.00,1.08
2014.05.02 01:52:13.289,5.94798,5.95101,1.00,1.18
2014.05.02 01:52:16.276,5.94781,5.95101,1.00,1.18
2014.05.02 01:52:16.377,5.94743,5.95101,1.18,1.18
2014.05.02 01:52:16.478,5.94743,5.95062,1.18,1.00
2014.05.02 01:52:16.580,5.94682,5.9504,1.18,1.18
2014.05.02 01:52:16.681,5.94621,5.95008,1.18,1.18
2014.05.02 01:52:36.792,5.94597,5.95013,2.15,1.18
2014.05.02 01:52:57.227,5.94597,5.9501,2.15,1.18
2014.05.02 01:53:17.242,5.9459,5.95009,1.18,1.18
2014.05.02 01:53:37.586,5.94588,5.95008,1.08,1.18
2014.05.02 01:53:57.692,5.94586,5.95008,1.18,1.18
2014.05.02 01:54:18.276,5.94594,5.95018,1.18,1.18
2014.05.02 01:54:38.151,5.9459,5.95013,1.18,1.18
2014.05.02 01:54:59.156,5.94586,5.95008,1.18,1.18
2014.05.02 01:55:20.187,5.94584,5.95008,1.18,1.18
2014.05.02 01:55:40.342,5.94581,5.95005,1.18,1.18
2014.05.02 01:56:41.610,5.94577,5.95079,1.00,1.00
2014.05.02 01:57:02.202,5.94577,5.95027,1.00,1.18
2014.05.02 01:57:04.017,5.94582,5.95006,1.18,1.18
2014.05.02 01:57:22.216,5.9458,5.95004,1.18,1.18
2014.05.02 01:58:22.228,5.94578,5.9509,1.00,1.00
2014.05.02 01:58:23.180,5.94578,5.95023,1.00,1.18
2014.05.02 01:58:25.654,5.94582,5.95004,1.18,1.18
2014.05.02 01:58:30.747,5.94491,5.95079,1.00,1.00
2014.05.02 01:58:30.948,5.94507,5.95079,1.50,1.00
2014.05.02 01:58:31.572,5.94597,5.94992,2.07,1.18
2014.05.02 01:58:51.225,5.94597,5.94998,2.07,1.18
2014.05.02 01:59:11.279,5.94597,5.94999,2.07,1.18
2014.05.02 01:59:31.174,5.94573,5.95004,1.18,1.18
2014.05.02 01:59:51.229,5.9456,5.9501,1.18,1.18
