2017.12.20 20:00:00.104,8.3972,8.39921,1.00,1.00
2017.12.20 20:00:00.208,8.39716,8.39921,1.00,1.00
2017.12.20 20:00:00.259,8.39714,8.39921,1.00,1.00
2017.12.20 20:00:00.393,8.39706,8.39921,1.00,1.50
2017.12.20 20:00:00.577,8.397,8.39915,1.00,1.00
2017.12.20 20:00:00.979,8.39689,8.39904,1.00,1.00
2017.12.20 20:00:01.187,8.39688,8.39912,1.19,1.00
2017.12.20 20:00:01.584,8.39687,8.39908,1.19,1.00
2017.12.20 20:00:01.688,8.39683,8.39908,1.19,1.00
2017.12.20 20:00:01.739,8.39687,8.39912,1.00,1.00
2017.12.20 20:00:01.790,8.39687,8.39889,1.00,1.00
2017.12.20 20:00:02.125,8.39666,8.39889,1.19,1.00
2017.12.20 20:00:02.176,8.39666,8.39883,1.00,1.00
2017.12.20 20:00:02.330,8.39663,8.39888,1.00,1.00
2017.12.20 20:00:02.587,8.39663,8.3988,1.00,1.00
2017.12.20 20:00:02.918,8.39689,8.39901,1.19,1.00
2017.12.20 20:00:04.194,8.39698,8.39901,1.19,1.00
2017.12.20 20:00:05.537,8.39684,8.39901,1.25,1.00
2017.12.20 20:00:06.146,8.39685,8.39901,1.25,1.00
2017.12.20 20:00:07.429,8.39675,8.39901,1.19,1.00
2017.12.20 20:00:08.091,8.39678,8.39901,1.00,1.00
2017.12.20 20:00:08.247,8.39675,8.39901,1.19,1.00
2017.12.20 20:00:08.556,8.39667,8.39901,1.19,1.00
2017.12.20 20:00:10.332,8.39638,8.39888,1.19,1.00
2017.12.20 20:00:10.384,8.39638,8.39878,1.19,1.00
2017.12.20 20:00:10.504,8.39638,8.39881,1.19,1.00
2017.12.20 20:00:10.555,8.39634,8.3988,1.00,1.00
2017.12.20 20:00:10.607,8.39608,8.39859,1.19,1.00
2017.12.20 20:00:10.761,8.39619,8.39866,1.00,1.00
2017.12.20 20:00:10.812,8.39631,8.39873,1.19,1.00
2017.12.20 20:00:10.864,8.39621,8.39868,1.25,1.00
2017.12.20 20:00:10.915,8.39631,8.39873,1.19,1.00
2017.12.20 20:00:10.967,8.39631,8.39882,1.19,1.00
2017.12.20 20:00:11.171,8.39637,8.39859,1.25,1.00
2017.12.20 20:00:11.701,8.3964,8.39859,1.00,1.00
2017.12.20 20:00:12.007,8.39642,8.39881,1.19,1.00
2017.12.20 20:00:12.123,8.39642,8.39879,1.19,1.00
2017.12.20 20:00:12.488,8.39629,8.39861,1.19,1.00
2017.12.20 20:00:12.886,8.39647,8.39861,1.19,1.00
2017.12.20 20:00:12.954,8.39665,8.39886,1.19,1.00
2017.12.20 20:00:13.056,8.39665,8.39886,1.19,1.00
2017.12.20 20:00:13.269,8.39646,8.39886,1.19,1.00
2017.12.20 20:00:13.372,8.39657,8.39886,1.25,1.00
2017.12.20 20:00:13.683,8.39672,8.39886,1.19,1.00
2017.12.20 20:00:14.500,8.39662,8.39886,1.19,1.00
2017.12.20 20:00:14.653,8.39668,8.39886,1.19,1.00
2017.12.20 20:00:14.776,8.39678,8.39915,1.19,1.00
2017.12.20 20:00:14.828,8.39677,8.39929,1.19,1.00
2017.12.20 20:00:15.205,8.39673,8.39916,1.19,1.00
2017.12.20 20:00:15.694,8.39674,8.39916,1.25,1.00
2017.12.20 20:00:16.406,8.39684,8.39916,1.19,1.00
2017.12.20 20:00:16.457,8.39674,8.39916,1.19,1.00
2017.12.20 20:00:17.022,8.39679,8.39903,1.19,1.00
2017.12.20 20:00:17.937,8.39688,8.39912,1.25,1.00
2017.12.20 20:00:18.080,8.39697,8.39928,1.19,1.00
2017.12.20 20:00:18.131,8.39744,8.39894,1.00,1.00
2017.12.20 20:00:18.183,8.3974,8.39891,1.00,1.00
2017.12.20 20:00:18.234,8.39753,8.39904,1.00,1.00
2017.12.20 20:00:18.597,8.39739,8.3989,1.00,1.00
2017.12.20 20:00:18.902,8.39735,8.39885,1.00,1.00
2017.12.20 20:00:19.170,8.39728,8.39879,1.00,1.00
2017.12.20 20:00:20.829,8.39725,8.39874,1.00,1.00
2017.12.20 20:00:21.386,8.39715,8.39866,1.19,1.00
2017.12.20 20:00:21.441,8.39695,8.39846,1.00,1.00
2017.12.20 20:00:21.493,8.39692,8.39843,1.00,1.00
2017.12.20 20:00:22.385,8.39691,8.39842,1.00,1.00
2017.12.20 20:00:25.001,8.39699,8.3985,1.00,1.00
2017.12.20 20:00:25.307,8.3972,8.3987,1.00,1.00
2017.12.20 20:00:26.652,8.39702,8.39853,1.00,1.00
2017.12.20 20:00:26.704,8.397,8.39849,1.00,1.00
2017.12.20 20:00:26.756,8.39694,8.39845,1.00,1.00
2017.12.20 20:00:27.259,8.39681,8.39831,1.00,1.00
2017.12.20 20:00:27.412,8.39686,8.39837,1.00,1.00
2017.12.20 20:00:27.744,8.39683,8.39834,1.00,1.00
2017.12.20 20:00:28.714,8.3967,8.39821,1.00,1.00
2017.12.20 20:00:29.122,8.39676,8.39827,1.00,1.00
2017.12.20 20:00:29.571,8.3968,8.39831,1.00,1.00
2017.12.20 20:00:29.885,8.39686,8.39837,1.00,1.00
2017.12.20 20:00:30.683,8.39687,8.39835,1.00,1.00
2017.12.20 20:00:32.099,8.39677,8.39825,1.19,1.00
2017.12.20 20:00:32.150,8.3967,8.39821,1.00,1.00
2017.12.20 20:00:32.253,8.39665,8.39816,1.00,1.00
2017.12.20 20:00:32.729,8.39677,8.39825,1.00,1.00
2017.12.20 20:00:32.847,8.39668,8.39826,1.25,1.00
2017.12.20 20:00:32.898,8.39674,8.39832,1.00,1.00
2017.12.20 20:00:33.207,8.39658,8.39817,1.00,1.00
2017.12.20 20:00:34.222,8.39653,8.39812,1.00,1.00
2017.12.20 20:00:34.593,8.39642,8.39801,1.00,1.00
2017.12.20 20:00:37.030,8.39634,8.39833,1.25,1.00
2017.12.20 20:00:37.415,8.39632,8.39831,1.00,1.00
2017.12.20 20:00:38.815,8.39629,8.39826,1.50,1.00
2017.12.20 20:00:39.745,8.39634,8.3983,1.00,1.00
2017.12.20 20:00:42.115,8.39629,8.39822,1.00,1.00
2017.12.20 20:00:42.167,8.39615,8.39814,1.00,1.00
2017.12.20 20:00:42.288,8.39622,8.39821,1.00,1.25
2017.12.20 20:00:42.619,8.3961,8.39809,1.00,1.00
2017.12.20 20:00:42.925,8.39606,8.39805,1.00,1.00
2017.12.20 20:00:43.268,8.3961,8.39807,1.00,1.00
2017.12.20 20:00:44.640,8.39614,8.39813,1.00,1.00
2017.12.20 20:00:44.692,8.39618,8.39817,1.00,1.00
2017.12.20 20:00:45.053,8.39623,8.39822,1.00,1.00
2017.12.20 20:00:45.373,8.39608,8.39805,1.00,1.00
2017.12.20 20:00:45.726,8.39613,8.3981,1.00,1.00
2017.12.20 20:00:46.047,8.39623,8.3982,1.00,1.25
2017.12.20 20:00:46.099,8.39626,8.39825,1.00,1.00
2017.12.20 20:00:46.676,8.3963,8.39829,1.00,1.00
2017.12.20 20:00:47.362,8.39635,8.3983,1.00,1.00
2017.12.20 20:00:48.940,8.39639,8.3983,1.00,1.00
2017.12.20 20:00:48.992,8.39656,8.39855,1.00,1.00
2017.12.20 20:00:49.197,8.39645,8.39844,1.00,1.00
2017.12.20 20:00:49.883,8.39641,8.3984,1.00,1.00
2017.12.20 20:00:50.114,8.39636,8.3984,1.00,1.00
2017.12.20 20:00:50.273,8.39639,8.39846,1.00,1.00
2017.12.20 20:00:50.432,8.39648,8.39853,1.00,1.00
2017.12.20 20:00:51.410,8.39642,8.39848,1.00,1.00
2017.12.20 20:00:51.976,8.39638,8.39845,1.00,1.00
2017.12.20 20:00:52.028,8.39636,8.39841,1.00,1.00
2017.12.20 20:00:52.495,8.39633,8.3984,1.00,1.00
2017.12.20 20:00:53.440,8.39642,8.39849,1.00,1.19
2017.12.20 20:00:53.783,8.39639,8.39845,1.00,1.00
2017.12.20 20:00:55.530,8.39646,8.39853,1.00,1.00
2017.12.20 20:00:55.582,8.39663,8.39869,1.00,1.00
2017.12.20 20:00:55.634,8.39655,8.39862,1.00,1.00
2017.12.20 20:00:55.685,8.39663,8.39868,1.00,1.00
2017.12.20 20:00:55.736,8.39657,8.39864,1.00,1.00
2017.12.20 20:00:57.136,8.39653,8.3986,1.00,1.00
2017.12.20 20:00:57.557,8.39659,8.39863,1.00,1.00
2017.12.20 20:00:57.795,8.39645,8.39851,1.00,1.00
2017.12.20 20:00:57.846,8.39636,8.39843,1.00,1.00
2017.12.20 20:00:58.725,8.39635,8.39842,1.00,1.00
2017.12.20 20:00:59.312,8.39643,8.39849,1.00,1.00
2017.12.20 20:00:59.590,8.39646,8.39853,1.00,1.00
2017.12.20 20:00:59.642,8.39654,8.39861,1.00,1.00
2017.12.20 20:01:00.055,8.39651,8.39857,1.00,1.00
2017.12.20 20:01:00.311,8.39644,8.39851,1.00,1.00
2017.12.20 20:01:00.362,8.39639,8.39845,1.00,1.00
2017.12.20 20:01:00.462,8.39633,8.3984,1.00,1.00
2017.12.20 20:01:01.583,8.39636,8.39843,1.00,1.00
2017.12.20 20:01:02.039,8.3964,8.39847,1.00,1.00
2017.12.20 20:01:03.272,8.39634,8.39841,1.00,1.00
2017.12.20 20:01:03.589,8.39626,8.39833,1.00,1.00
2017.12.20 20:01:04.019,8.39624,8.39828,1.00,1.00
2017.12.20 20:01:04.335,8.39628,8.39845,1.00,1.00
2017.12.20 20:01:06.346,8.39624,8.39842,1.00,1.00
2017.12.20 20:01:06.398,8.39626,8.39843,1.00,1.00
2017.12.20 20:01:06.717,8.39628,8.39845,1.00,1.00
2017.12.20 20:01:07.214,8.39625,8.39841,1.19,1.00
2017.12.20 20:01:07.526,8.39624,8.39835,1.00,1.00
2017.12.20 20:01:07.861,8.39644,8.39851,1.00,1.00
2017.12.20 20:01:08.237,8.39641,8.39845,1.00,1.00
2017.12.20 20:01:08.288,8.39645,8.39852,1.00,1.00
2017.12.20 20:01:08.748,8.39651,8.39856,1.00,1.00
2017.12.20 20:01:09.062,8.39659,8.39856,1.00,1.00
2017.12.20 20:01:09.188,8.39666,8.39871,1.00,1.00
2017.12.20 20:01:09.806,8.39662,8.39867,1.00,1.00
2017.12.20 20:01:11.326,8.39657,8.39864,1.00,1.00
2017.12.20 20:01:11.617,8.39665,8.39872,1.00,1.25
2017.12.20 20:01:11.997,8.39661,8.39867,1.00,1.00
2017.12.20 20:01:12.272,8.39648,8.39855,1.00,1.00
2017.12.20 20:01:12.323,8.39652,8.39858,1.00,1.00
2017.12.20 20:01:12.663,8.39658,8.39863,1.00,1.00
2017.12.20 20:01:13.947,8.39662,8.39864,1.00,1.00
2017.12.20 20:01:13.999,8.39658,8.39864,1.00,1.00
2017.12.20 20:01:15.019,8.39655,8.39862,1.00,1.00
2017.12.20 20:01:18.405,8.3966,8.39864,1.00,1.00
2017.12.20 20:01:19.996,8.39663,8.39864,1.00,1.00
2017.12.20 20:01:21.635,8.39672,8.39864,1.00,1.00
2017.12.20 20:01:22.505,8.39676,8.39864,1.00,1.00
2017.12.20 20:01:26.043,8.39665,8.39861,1.19,1.00
2017.12.20 20:01:26.095,8.39656,8.39861,1.00,1.00
2017.12.20 20:01:27.160,8.39637,8.39843,1.00,1.19
2017.12.20 20:01:27.212,8.3964,8.39847,1.00,1.00
2017.12.20 20:01:27.316,8.39647,8.3984,1.00,1.00
2017.12.20 20:01:30.020,8.39646,8.3984,1.00,1.00
2017.12.20 20:01:30.894,8.39652,8.3984,1.00,1.00
2017.12.20 20:01:31.936,8.39681,8.39885,1.00,1.00
2017.12.20 20:01:32.090,8.39683,8.39885,1.00,1.00
2017.12.20 20:01:32.192,8.39667,8.39874,1.00,1.00
2017.12.20 20:01:33.644,8.3967,8.39877,1.00,1.00
2017.12.20 20:01:34.024,8.39682,8.39887,1.00,1.00
2017.12.20 20:01:34.406,8.39673,8.39879,1.00,1.00
2017.12.20 20:01:34.576,8.39677,8.39882,1.00,1.00
2017.12.20 20:01:37.548,8.39669,8.39876,1.00,1.00
2017.12.20 20:01:40.029,8.39673,8.3988,1.00,1.00
2017.12.20 20:01:40.477,8.39678,8.39884,1.00,1.00
2017.12.20 20:01:41.240,8.39678,8.39872,1.00,1.00
2017.12.20 20:01:41.291,8.39669,8.39872,1.69,1.00
2017.12.20 20:01:41.343,8.39669,8.39876,1.00,1.00
2017.12.20 20:01:42.081,8.39676,8.39883,1.00,1.00
2017.12.20 20:01:42.788,8.39676,8.39882,1.00,1.00
2017.12.20 20:01:42.885,8.39669,8.39876,1.50,1.00
2017.12.20 20:01:42.937,8.39674,8.39878,1.00,1.00
2017.12.20 20:01:42.988,8.39675,8.3988,1.00,1.00
2017.12.20 20:01:45.060,8.39671,8.39878,1.00,1.00
2017.12.20 20:01:45.224,8.39679,8.39886,1.00,1.00
2017.12.20 20:01:45.731,8.39669,8.39876,1.50,1.00
2017.12.20 20:01:45.782,8.39661,8.3989,1.00,1.00
2017.12.20 20:01:45.834,8.39656,8.39885,1.19,1.00
2017.12.20 20:01:45.885,8.39655,8.39885,1.00,1.00
2017.12.20 20:01:45.937,8.39652,8.39868,1.00,1.00
2017.12.20 20:01:49.385,8.39659,8.39875,1.00,1.00
2017.12.20 20:01:49.802,8.39647,8.39863,1.00,1.00
2017.12.20 20:01:50.131,8.39643,8.39859,1.00,1.00
2017.12.20 20:01:51.268,8.39647,8.39863,1.00,1.00
2017.12.20 20:01:52.678,8.39651,8.39876,1.00,1.00
2017.12.20 20:01:52.730,8.39654,8.39882,1.00,1.50
2017.12.20 20:01:52.783,8.39663,8.39882,1.00,1.00
2017.12.20 20:01:52.913,8.39659,8.39882,1.00,1.00
2017.12.20 20:01:53.524,8.39668,8.39882,1.00,1.00
2017.12.20 20:01:53.576,8.39664,8.39882,1.00,1.00
2017.12.20 20:01:56.522,8.39661,8.39882,1.00,1.00
2017.12.20 20:01:56.574,8.39654,8.39879,1.00,1.00
2017.12.20 20:01:57.168,8.39649,8.39874,1.00,1.00
2017.12.20 20:01:57.335,8.39644,8.3987,1.00,1.00
2017.12.20 20:01:57.830,8.39633,8.39859,1.00,1.00
2017.12.20 20:01:58.301,8.39637,8.39862,1.00,1.00
2017.12.20 20:01:58.352,8.39638,8.39864,1.00,1.00
2017.12.20 20:01:58.931,8.39628,8.39862,1.00,1.00
2017.12.20 20:01:59.062,8.39631,8.39864,1.00,1.00
2017.12.20 20:01:59.113,8.39626,8.39861,1.00,1.00
2017.12.20 20:01:59.164,8.39633,8.39864,1.00,1.00
2017.12.20 20:01:59.528,8.39641,8.39864,1.00,1.00
2017.12.20 20:02:00.080,8.39648,8.39864,1.00,1.00
2017.12.20 20:02:00.533,8.39641,8.39863,1.00,1.00
2017.12.20 20:02:02.966,8.39645,8.39864,1.00,1.00
2017.12.20 20:02:04.440,8.39667,8.39874,1.00,1.00
2017.12.20 20:02:04.814,8.39747,8.39954,1.00,1.00
2017.12.20 20:02:05.120,8.39802,8.40006,1.00,1.00
2017.12.20 20:02:06.021,8.39791,8.3999,1.25,1.00
2017.12.20 20:02:06.072,8.39788,8.39995,1.00,1.00
2017.12.20 20:02:06.807,8.39788,8.39992,1.00,1.00
2017.12.20 20:02:07.056,8.39796,8.40003,1.00,1.00
2017.12.20 20:02:07.108,8.39794,8.39999,1.00,1.00
2017.12.20 20:02:07.159,8.39792,8.39999,1.00,1.00
2017.12.20 20:02:07.595,8.39799,8.40004,1.00,1.00
2017.12.20 20:02:08.404,8.39794,8.4,1.00,1.00
2017.12.20 20:02:09.341,8.39839,8.40038,1.00,1.00
2017.12.20 20:02:09.646,8.39849,8.40056,1.00,1.00
2017.12.20 20:02:12.164,8.39845,8.40051,1.00,1.00
2017.12.20 20:02:12.749,8.3985,8.40057,1.00,1.00
2017.12.20 20:02:13.239,8.3986,8.40066,1.00,1.00
2017.12.20 20:02:13.584,8.39905,8.40111,1.00,1.00
2017.12.20 20:02:13.965,8.39913,8.4012,1.00,1.19
2017.12.20 20:02:14.302,8.39905,8.40111,1.00,1.00
2017.12.20 20:02:14.558,8.39964,8.40183,1.00,1.00
2017.12.20 20:02:14.610,8.39955,8.40188,1.00,1.00
2017.12.20 20:02:15.727,8.39963,8.40183,1.00,1.00
2017.12.20 20:02:18.780,8.39954,8.40188,1.19,1.00
2017.12.20 20:02:18.883,8.39957,8.40188,1.19,1.00
2017.12.20 20:02:20.099,8.39969,8.4019,1.19,1.00
2017.12.20 20:02:20.303,8.39964,8.4019,1.25,1.00
2017.12.20 20:02:21.412,8.39968,8.4019,1.19,1.00
2017.12.20 20:02:22.653,8.3997,8.4019,1.19,1.00
2017.12.20 20:02:23.866,8.4,8.40223,1.25,1.00
2017.12.20 20:02:23.917,8.4,8.40234,1.25,1.19
2017.12.20 20:02:23.968,8.40017,8.40239,1.25,1.50
2017.12.20 20:02:24.288,8.40034,8.4025,1.19,1.00
2017.12.20 20:02:24.633,8.4008,8.40275,1.00,1.50
2017.12.20 20:02:24.685,8.40125,8.40347,1.19,1.00
2017.12.20 20:02:24.737,8.40125,8.40383,1.19,1.00
2017.12.20 20:02:24.839,8.40124,8.40372,1.19,1.00
2017.12.20 20:02:25.144,8.40112,8.40364,1.25,1.00
2017.12.20 20:02:25.283,8.40112,8.40358,1.25,1.00
2017.12.20 20:02:25.386,8.40101,8.40353,1.25,1.00
2017.12.20 20:02:25.947,8.40102,8.40353,1.25,1.00
2017.12.20 20:02:26.024,8.40102,8.4035,1.25,1.00
2017.12.20 20:02:26.480,8.40102,8.40346,1.25,1.00
2017.12.20 20:02:27.156,8.40102,8.40337,1.25,1.00
2017.12.20 20:02:27.209,8.40081,8.40333,1.25,1.00
2017.12.20 20:02:27.313,8.40081,8.40337,1.25,1.00
2017.12.20 20:02:27.365,8.40091,8.40346,1.19,1.00
2017.12.20 20:02:27.669,8.40102,8.40346,1.19,1.00
2017.12.20 20:02:29.646,8.40102,8.40338,1.19,1.00
2017.12.20 20:02:29.995,8.40126,8.40346,1.19,1.50
2017.12.20 20:02:30.097,8.40117,8.40337,1.25,1.00
2017.12.20 20:02:30.853,8.40112,8.40337,1.19,1.00
2017.12.20 20:02:31.361,8.40111,8.40336,1.19,1.00
2017.12.20 20:02:31.517,8.40111,8.40339,1.19,1.00
2017.12.20 20:02:31.568,8.40114,8.40342,1.19,1.00
2017.12.20 20:02:34.994,8.40117,8.40346,1.19,1.00
2017.12.20 20:02:35.046,8.40128,8.40346,1.25,1.00
2017.12.20 20:02:35.098,8.40128,8.40353,1.25,1.00
2017.12.20 20:02:35.177,8.40128,8.40349,1.25,1.00
2017.12.20 20:02:35.850,8.40125,8.40349,1.19,1.00
2017.12.20 20:02:36.003,8.40125,8.40349,1.19,1.00
2017.12.20 20:02:36.226,8.4013,8.40355,1.19,1.00
2017.12.20 20:02:37.655,8.4013,8.40354,1.19,1.00
2017.12.20 20:02:38.161,8.40129,8.40354,1.19,1.00
2017.12.20 20:02:38.947,8.40144,8.40365,1.19,1.00
2017.12.20 20:02:39.110,8.40144,8.40369,1.19,1.00
2017.12.20 20:02:39.264,8.40149,8.40374,1.19,1.00
2017.12.20 20:02:40.179,8.40149,8.40378,1.19,1.00
2017.12.20 20:02:40.230,8.40153,8.40378,1.25,1.00
2017.12.20 20:02:41.998,8.40137,8.40362,1.19,1.00
2017.12.20 20:02:42.590,8.40141,8.40365,1.00,1.00
2017.12.20 20:02:43.155,8.40141,8.40365,1.19,1.00
2017.12.20 20:02:45.411,8.40141,8.40354,1.19,1.00
2017.12.20 20:02:45.463,8.4011,8.40335,1.19,1.00
2017.12.20 20:02:45.952,8.4011,8.40337,1.19,1.00
2017.12.20 20:02:46.220,8.40131,8.40347,1.00,1.19
2017.12.20 20:02:46.272,8.40152,8.40368,1.19,1.00
2017.12.20 20:02:46.374,8.40152,8.40377,1.19,1.00
2017.12.20 20:02:53.467,8.40153,8.40376,1.25,1.00
2017.12.20 20:03:00.201,8.40153,8.40374,1.25,1.00
2017.12.20 20:03:00.252,8.40149,8.40374,1.19,1.00
2017.12.20 20:03:01.796,8.4015,8.40374,1.19,1.00
2017.12.20 20:03:02.693,8.40149,8.40374,1.19,1.00
2017.12.20 20:03:02.967,8.40162,8.40385,1.00,1.00
2017.12.20 20:03:04.456,8.40152,8.40371,1.00,1.00
2017.12.20 20:03:04.736,8.40146,8.40371,1.25,1.00
2017.12.20 20:03:07.715,8.40146,8.4037,1.25,1.00
2017.12.20 20:03:09.877,8.40145,8.40374,1.19,1.00
2017.12.20 20:03:09.928,8.4015,8.40374,1.25,1.00
2017.12.20 20:03:10.563,8.40151,8.40374,1.25,1.00
2017.12.20 20:03:11.934,8.4015,8.40374,1.25,1.00
2017.12.20 20:03:15.235,8.4015,8.40373,1.25,1.00
2017.12.20 20:03:15.844,8.40148,8.40373,1.19,1.00
2017.12.20 20:03:16.505,8.40149,8.40373,1.19,1.00
2017.12.20 20:03:19.092,8.4015,8.40373,1.19,1.00
2017.12.20 20:03:19.842,8.40149,8.40373,1.19,1.00
2017.12.20 20:03:22.753,8.40149,8.40372,1.19,1.00
2017.12.20 20:03:22.804,8.40147,8.40372,1.19,1.00
2017.12.20 20:03:27.155,8.40148,8.40372,1.19,1.00
2017.12.20 20:03:28.203,8.40147,8.40372,1.19,1.00
2017.12.20 20:03:30.127,8.40147,8.40366,1.19,1.00
2017.12.20 20:03:30.230,8.40115,8.40334,1.00,1.00
2017.12.20 20:03:30.385,8.4011,8.40335,1.19,1.00
2017.12.20 20:03:31.178,8.4011,8.40335,1.25,1.00
2017.12.20 20:03:32.394,8.4011,8.40336,1.25,1.00
2017.12.20 20:03:32.445,8.40116,8.40336,1.19,1.00
2017.12.20 20:03:32.983,8.4011,8.40331,1.19,1.00
2017.12.20 20:03:33.187,8.40079,8.40331,1.00,1.00
2017.12.20 20:03:33.289,8.40079,8.40317,1.67,1.00
2017.12.20 20:03:35.124,8.40079,8.40317,1.67,1.00
2017.12.20 20:03:36.169,8.40082,8.40317,1.67,1.00
2017.12.20 20:03:36.917,8.4012,8.40317,1.00,1.00
2017.12.20 20:03:37.073,8.4012,8.40339,1.00,1.00
2017.12.20 20:03:37.682,8.40121,8.40339,1.00,1.00
2017.12.20 20:03:38.057,8.4012,8.4032,1.00,1.00
2017.12.20 20:03:38.608,8.40121,8.4032,1.00,1.00
2017.12.20 20:03:39.826,8.4012,8.4032,1.00,1.00
2017.12.20 20:03:44.529,8.40121,8.4032,1.00,1.00
2017.12.20 20:03:44.684,8.4012,8.40339,1.67,1.00
2017.12.20 20:03:44.735,8.4012,8.40339,1.00,1.00
2017.12.20 20:03:52.805,8.4012,8.40338,1.00,1.00
2017.12.20 20:04:00.567,8.40121,8.40338,1.00,1.00
2017.12.20 20:04:01.178,8.4012,8.40339,1.00,1.00
2017.12.20 20:04:01.982,8.40127,8.40339,1.25,1.00
2017.12.20 20:04:04.556,8.40126,8.40339,1.25,1.00
2017.12.20 20:04:05.144,8.40148,8.40339,1.19,1.00
2017.12.20 20:04:05.195,8.40148,8.40358,1.19,1.00
2017.12.20 20:04:05.449,8.40152,8.40358,1.00,1.00
2017.12.20 20:04:07.364,8.40153,8.40358,1.25,1.00
2017.12.20 20:04:09.752,8.40154,8.40358,1.25,1.00
2017.12.20 20:04:10.347,8.40153,8.40358,1.25,1.00
2017.12.20 20:04:13.172,8.40153,8.40376,1.25,1.00
2017.12.20 20:04:13.223,8.40153,8.40386,1.25,1.00
2017.12.20 20:04:13.503,8.40153,8.40381,1.25,1.00
2017.12.20 20:04:13.590,8.40151,8.40381,1.00,1.00
2017.12.20 20:04:15.350,8.40151,8.40384,1.00,1.00
2017.12.20 20:04:15.402,8.40151,8.40386,1.69,1.00
2017.12.20 20:04:15.560,8.40153,8.40386,1.00,1.00
2017.12.20 20:04:16.133,8.40153,8.40384,1.00,1.00
2017.12.20 20:04:16.184,8.40151,8.40384,1.69,1.00
2017.12.20 20:04:16.737,8.40151,8.40384,1.69,1.00
2017.12.20 20:04:17.721,8.40151,8.40376,1.69,1.00
2017.12.20 20:04:22.865,8.40151,8.40379,1.69,1.00
2017.12.20 20:04:22.916,8.40155,8.40379,1.25,1.00
2017.12.20 20:04:25.675,8.40155,8.40378,1.25,1.00
2017.12.20 20:04:32.094,8.40152,8.40375,1.00,1.00
2017.12.20 20:04:32.145,8.40155,8.4038,1.19,1.00
2017.12.20 20:04:38.000,8.40156,8.4038,1.19,1.00
2017.12.20 20:04:45.369,8.40156,8.40347,1.19,1.00
2017.12.20 20:04:45.471,8.40154,8.40347,1.19,1.00
2017.12.20 20:04:50.273,8.40158,8.40347,1.19,1.00
2017.12.20 20:04:50.771,8.40153,8.40347,1.25,1.00
2017.12.20 20:04:52.976,8.40152,8.40347,1.00,1.00
2017.12.20 20:04:53.517,8.40154,8.40347,1.25,1.00
2017.12.20 20:05:00.512,8.40153,8.40347,1.25,1.00
2017.12.20 20:05:05.411,8.40151,8.40347,1.00,1.00
2017.12.20 20:05:05.864,8.40151,8.40338,1.00,1.00
2017.12.20 20:05:07.229,8.40154,8.40338,1.19,1.00
2017.12.20 20:05:08.066,8.40151,8.40338,1.69,1.00
2017.12.20 20:05:08.386,8.40151,8.40327,1.69,1.00
2017.12.20 20:05:10.313,8.40151,8.40337,1.00,1.00
2017.12.20 20:05:15.035,8.40151,8.40328,1.00,1.00
2017.12.20 20:05:20.443,8.40152,8.40328,1.38,1.00
2017.12.20 20:05:21.639,8.40152,8.40338,1.38,1.00
2017.12.20 20:05:22.056,8.40151,8.40338,1.00,1.00
2017.12.20 20:05:22.316,8.40151,8.40327,1.00,1.00
2017.12.20 20:05:23.888,8.40152,8.40327,1.25,1.00
2017.12.20 20:05:24.444,8.40152,8.40327,1.44,1.00
2017.12.20 20:05:25.659,8.40153,8.40327,1.44,1.00
2017.12.20 20:05:25.711,8.40153,8.40337,1.44,1.00
2017.12.20 20:05:28.012,8.40156,8.40337,1.44,1.00
2017.12.20 20:05:28.064,8.4017,8.40377,1.38,1.00
2017.12.20 20:05:28.115,8.40185,8.40377,1.44,1.00
2017.12.20 20:05:29.320,8.4018,8.40377,1.00,1.00
2017.12.20 20:05:31.379,8.40199,8.40378,1.19,1.00
2017.12.20 20:05:31.431,8.40199,8.40388,1.19,1.00
2017.12.20 20:05:31.482,8.40199,8.40397,1.19,1.00
2017.12.20 20:05:31.584,8.40209,8.40397,1.19,1.00
2017.12.20 20:05:32.124,8.4021,8.40397,1.38,1.00
2017.12.20 20:05:32.639,8.40209,8.40397,1.38,1.00
2017.12.20 20:05:33.858,8.40194,8.40368,1.00,1.00
2017.12.20 20:05:33.910,8.40187,8.40368,1.44,1.00
2017.12.20 20:05:34.165,8.40189,8.40377,1.00,1.00
2017.12.20 20:05:34.349,8.40192,8.40377,1.00,1.00
2017.12.20 20:05:34.799,8.40182,8.40367,1.19,1.00
2017.12.20 20:05:34.850,8.40182,8.40367,1.38,1.00
2017.12.20 20:05:34.901,8.40187,8.40378,1.44,1.00
2017.12.20 20:05:38.023,8.40182,8.40378,1.44,1.00
2017.12.20 20:05:38.799,8.40189,8.40388,1.44,1.00
2017.12.20 20:05:38.851,8.40193,8.40378,1.38,1.00
2017.12.20 20:05:39.054,8.40187,8.40378,1.38,1.00
2017.12.20 20:05:40.690,8.40203,8.40397,1.38,1.00
2017.12.20 20:05:40.843,8.40203,8.40397,1.38,1.00
2017.12.20 20:05:40.963,8.40208,8.40408,1.38,1.00
2017.12.20 20:05:41.721,8.40207,8.40408,1.38,1.00
2017.12.20 20:05:42.548,8.40219,8.40408,1.38,1.00
2017.12.20 20:05:42.650,8.4021,8.40408,1.38,1.00
2017.12.20 20:05:42.896,8.4021,8.40397,1.38,1.00
2017.12.20 20:05:43.627,8.4021,8.40407,1.38,1.00
2017.12.20 20:05:44.058,8.40221,8.40408,1.38,1.00
2017.12.20 20:05:44.304,8.40206,8.40398,1.00,1.00
2017.12.20 20:05:45.304,8.40206,8.40388,1.00,1.00
2017.12.20 20:05:45.938,8.40201,8.40388,1.25,1.00
2017.12.20 20:05:46.280,8.402,8.40377,1.00,1.00
2017.12.20 20:05:47.055,8.40201,8.40368,1.00,1.00
2017.12.20 20:05:47.360,8.402,8.40388,1.00,1.00
2017.12.20 20:05:47.799,8.402,8.40398,1.88,1.00
2017.12.20 20:05:48.325,8.402,8.40398,1.00,1.00
2017.12.20 20:05:48.709,8.40206,8.40398,1.44,1.00
2017.12.20 20:05:49.060,8.40232,8.40428,1.38,1.00
2017.12.20 20:05:49.316,8.40134,8.40351,1.80,1.00
2017.12.20 20:05:49.369,8.40114,8.40348,1.15,1.38
2017.12.20 20:05:49.420,8.40132,8.40343,1.00,1.38
2017.12.20 20:05:49.472,8.4012,8.40338,1.00,1.00
2017.12.20 20:05:49.523,8.40111,8.40316,1.38,1.00
2017.12.20 20:05:49.654,8.40111,8.4032,1.00,1.38
2017.12.20 20:05:49.707,8.40108,8.40334,1.38,1.00
2017.12.20 20:05:49.758,8.40109,8.40334,1.38,1.38
2017.12.20 20:05:50.070,8.40016,8.40222,1.38,1.00
2017.12.20 20:05:50.223,8.40015,8.40222,1.00,1.00
2017.12.20 20:05:50.405,8.40002,8.40207,1.00,1.00
2017.12.20 20:05:50.746,8.39994,8.40198,1.00,1.00
2017.12.20 20:05:51.053,8.3996,8.40165,1.38,1.00
2017.12.20 20:05:51.104,8.3996,8.40165,1.00,1.00
2017.12.20 20:05:52.549,8.39955,8.4016,1.00,1.00
2017.12.20 20:05:52.601,8.3995,8.40157,1.00,1.00
2017.12.20 20:05:53.061,8.39946,8.40153,1.00,1.00
2017.12.20 20:05:53.408,8.39961,8.40168,1.00,1.00
2017.12.20 20:05:53.768,8.39964,8.40168,1.00,1.00
2017.12.20 20:05:55.767,8.3997,8.40177,1.00,1.38
2017.12.20 20:05:55.818,8.3997,8.40177,1.00,1.00
2017.12.20 20:05:56.196,8.39966,8.40173,1.00,1.00
2017.12.20 20:05:56.499,8.39964,8.40176,1.00,1.25
2017.12.20 20:05:57.111,8.39964,8.40171,1.00,1.00
2017.12.20 20:05:58.220,8.39936,8.40151,1.00,1.38
2017.12.20 20:05:58.276,8.3993,8.40145,1.00,1.00
2017.12.20 20:05:58.419,8.39942,8.4015,1.00,1.38
2017.12.20 20:05:58.471,8.39938,8.40153,1.00,1.00
2017.12.20 20:05:58.522,8.39929,8.40144,1.00,1.00
2017.12.20 20:05:58.828,8.39939,8.40143,1.00,1.00
2017.12.20 20:05:58.879,8.39923,8.40138,1.00,1.00
2017.12.20 20:05:58.930,8.39935,8.40138,1.00,1.00
2017.12.20 20:05:58.981,8.39935,8.40142,1.00,1.00
2017.12.20 20:05:59.299,8.39948,8.40162,1.00,1.00
2017.12.20 20:05:59.350,8.39953,8.40166,1.00,1.00
2017.12.20 20:05:59.452,8.39946,8.40161,1.00,1.00
2017.12.20 20:05:59.504,8.39952,8.40167,1.00,1.00
2017.12.20 20:05:59.849,8.39958,8.40173,1.00,1.00
2017.12.20 20:06:00.473,8.39955,8.40169,1.00,1.00
2017.12.20 20:06:00.915,8.3996,8.40174,1.00,1.00
2017.12.20 20:06:03.574,8.39955,8.40166,1.00,1.00
2017.12.20 20:06:04.417,8.39955,8.40157,1.00,1.00
2017.12.20 20:06:04.886,8.39955,8.40162,1.00,1.00
2017.12.20 20:06:06.234,8.39955,8.40155,1.00,1.00
2017.12.20 20:06:06.528,8.39955,8.40163,1.00,1.44
2017.12.20 20:06:06.579,8.39956,8.4018,1.38,1.00
2017.12.20 20:06:06.939,8.39956,8.40167,1.38,1.00
2017.12.20 20:06:07.092,8.39955,8.40166,1.00,1.00
2017.12.20 20:06:12.360,8.39955,8.40147,1.00,1.00
2017.12.20 20:06:14.687,8.39955,8.40154,1.00,1.00
2017.12.20 20:06:14.876,8.39955,8.40163,1.00,1.00
2017.12.20 20:06:15.094,8.39955,8.40158,1.00,1.00
2017.12.20 20:06:22.792,8.39955,8.40167,1.50,1.38
2017.12.20 20:06:22.843,8.39955,8.40168,1.50,1.00
2017.12.20 20:06:22.947,8.39977,8.40174,1.00,1.00
2017.12.20 20:06:23.201,8.39977,8.40178,1.00,1.00
2017.12.20 20:06:23.894,8.39977,8.40179,1.00,1.00
2017.12.20 20:06:25.259,8.39977,8.40185,1.00,1.00
2017.12.20 20:06:25.588,8.39977,8.4019,1.00,1.00
2017.12.20 20:06:25.639,8.3998,8.40195,1.00,1.00
2017.12.20 20:06:27.015,8.39997,8.40195,1.00,1.00
2017.12.20 20:06:27.067,8.39997,8.40199,1.00,1.00
2017.12.20 20:06:27.118,8.39997,8.40208,1.00,1.00
2017.12.20 20:06:29.620,8.39997,8.40206,1.00,1.00
2017.12.20 20:06:30.619,8.39997,8.40204,1.00,1.00
2017.12.20 20:06:36.008,8.39997,8.40214,1.00,1.38
2017.12.20 20:06:36.145,8.39997,8.40221,1.00,1.00
2017.12.20 20:06:36.338,8.39997,8.40229,1.00,1.00
2017.12.20 20:06:38.010,8.39997,8.40228,1.00,1.00
2017.12.20 20:06:38.162,8.40005,8.40228,1.00,1.00
2017.12.20 20:06:38.416,8.40024,8.40254,1.00,1.50
2017.12.20 20:06:44.801,8.40024,8.40252,1.00,1.00
2017.12.20 20:06:44.853,8.40024,8.40254,1.00,1.25
2017.12.20 20:06:44.905,8.40024,8.40245,1.00,1.00
2017.12.20 20:06:45.007,8.40024,8.4025,1.00,1.00
2017.12.20 20:06:45.059,8.40024,8.40248,1.00,1.00
2017.12.20 20:06:45.322,8.40024,8.4025,1.00,1.00
2017.12.20 20:06:46.929,8.40024,8.4024,1.00,1.00
2017.12.20 20:06:57.073,8.40001,8.402,1.25,1.00
2017.12.20 20:06:57.175,8.39903,8.40107,1.00,1.00
2017.12.20 20:06:57.226,8.39918,8.40117,1.00,1.00
2017.12.20 20:06:57.329,8.3994,8.40153,1.00,1.00
2017.12.20 20:06:58.167,8.39947,8.40153,1.00,1.00
2017.12.20 20:06:59.252,8.39947,8.40143,1.00,1.00
2017.12.20 20:06:59.303,8.39925,8.40137,1.00,1.00
2017.12.20 20:06:59.548,8.39919,8.40134,1.00,1.00
2017.12.20 20:06:59.681,8.39929,8.40134,1.00,1.00
2017.12.20 20:07:00.692,8.39929,8.40135,1.00,1.00
2017.12.20 20:07:06.043,8.39929,8.40124,1.00,1.00
2017.12.20 20:07:06.094,8.39911,8.40124,1.00,1.00
2017.12.20 20:07:06.145,8.39896,8.40111,1.00,1.00
2017.12.20 20:07:06.248,8.39886,8.40101,1.00,1.00
2017.12.20 20:07:06.751,8.39887,8.40101,1.00,1.00
2017.12.20 20:07:08.192,8.39887,8.40099,1.00,1.00
2017.12.20 20:07:08.650,8.39887,8.40086,1.00,1.00
2017.12.20 20:07:08.705,8.39859,8.40074,1.00,1.00
2017.12.20 20:07:08.857,8.39863,8.40078,1.00,1.00
2017.12.20 20:07:09.428,8.39866,8.40078,1.00,1.00
2017.12.20 20:07:10.714,8.39867,8.40082,1.00,1.00
2017.12.20 20:07:10.766,8.39889,8.40102,1.00,1.00
2017.12.20 20:07:10.921,8.39875,8.4009,1.00,1.00
2017.12.20 20:07:12.376,8.39866,8.40081,1.88,1.00
2017.12.20 20:07:12.427,8.39866,8.40081,1.00,1.00
2017.12.20 20:07:12.796,8.39871,8.40084,1.00,1.00
2017.12.20 20:07:12.847,8.39875,8.4009,1.00,1.00
2017.12.20 20:07:15.760,8.39874,8.40089,1.00,1.00
2017.12.20 20:07:21.502,8.39868,8.40082,1.00,1.00
2017.12.20 20:07:23.222,8.39867,8.40079,1.00,1.00
2017.12.20 20:07:24.038,8.39869,8.40084,1.00,1.00
2017.12.20 20:07:26.752,8.39865,8.40094,1.00,1.38
2017.12.20 20:07:30.788,8.39865,8.40098,1.00,1.19
2017.12.20 20:07:38.284,8.39865,8.40107,1.44,1.19
2017.12.20 20:07:38.391,8.39871,8.40109,1.38,1.19
2017.12.20 20:07:38.791,8.39876,8.40107,1.00,1.19
2017.12.20 20:07:39.085,8.39874,8.40107,1.00,1.19
2017.12.20 20:07:39.561,8.39874,8.40107,1.00,1.00
2017.12.20 20:07:39.779,8.39874,8.40103,1.19,1.00
2017.12.20 20:07:39.830,8.3987,8.40103,1.19,1.00
2017.12.20 20:07:39.881,8.39865,8.40088,1.00,1.00
2017.12.20 20:07:45.057,8.39865,8.40074,1.00,1.00
2017.12.20 20:07:45.109,8.39832,8.40065,1.44,1.00
2017.12.20 20:07:45.160,8.39823,8.40048,1.44,1.00
2017.12.20 20:07:45.409,8.39823,8.40056,1.25,1.00
2017.12.20 20:07:45.562,8.39818,8.40045,1.00,1.00
2017.12.20 20:07:45.613,8.39821,8.40054,1.44,1.00
2017.12.20 20:07:45.664,8.39812,8.40049,1.38,1.00
2017.12.20 20:07:45.777,8.39816,8.40049,1.00,1.00
2017.12.20 20:07:46.108,8.39828,8.4004,1.00,1.00
2017.12.20 20:07:46.578,8.39828,8.40044,1.00,1.00
2017.12.20 20:07:46.680,8.39828,8.40033,1.00,1.00
2017.12.20 20:07:46.732,8.39809,8.40036,1.38,1.00
2017.12.20 20:07:46.783,8.39803,8.40021,1.44,1.00
2017.12.20 20:07:46.834,8.39806,8.40031,1.00,1.00
2017.12.20 20:07:46.885,8.39806,8.40038,1.38,1.00
2017.12.20 20:07:46.999,8.39814,8.40038,1.00,1.00
2017.12.20 20:07:47.340,8.39824,8.40049,1.38,1.00
2017.12.20 20:07:51.091,8.39802,8.40029,1.44,1.00
2017.12.20 20:07:51.142,8.39805,8.40022,1.00,1.00
2017.12.20 20:07:51.467,8.39805,8.40013,1.00,1.00
2017.12.20 20:07:51.518,8.39805,8.40024,1.00,1.00
2017.12.20 20:07:51.784,8.39805,8.40027,1.00,1.00
2017.12.20 20:07:53.281,8.39805,8.40029,1.00,1.00
2017.12.20 20:07:53.333,8.39806,8.40029,1.44,1.00
2017.12.20 20:07:53.857,8.39806,8.40029,1.25,1.00
2017.12.20 20:07:53.910,8.39806,8.40038,1.25,1.69
2017.12.20 20:07:53.962,8.39813,8.40041,1.19,1.00
2017.12.20 20:07:54.363,8.39829,8.40049,1.19,1.00
2017.12.20 20:07:54.686,8.3983,8.40049,1.38,1.00
2017.12.20 20:07:55.927,8.39831,8.40051,1.00,1.00
2017.12.20 20:07:55.979,8.39827,8.40046,1.00,1.00
2017.12.20 20:07:56.086,8.39821,8.40046,1.44,1.00
2017.12.20 20:07:56.188,8.39836,8.40046,1.00,1.00
2017.12.20 20:07:56.290,8.39821,8.40046,1.44,1.00
2017.12.20 20:07:57.603,8.39821,8.40052,1.44,1.00
2017.12.20 20:07:57.654,8.39835,8.40048,1.00,1.00
2017.12.20 20:07:57.756,8.39816,8.40041,1.38,1.00
2017.12.20 20:08:00.140,8.39813,8.40033,1.00,1.00
2017.12.20 20:08:00.191,8.39813,8.40042,1.00,1.38
2017.12.20 20:08:00.243,8.39817,8.40042,1.44,1.00
2017.12.20 20:08:00.635,8.39813,8.4003,1.00,1.00
2017.12.20 20:08:00.945,8.39813,8.40032,1.00,1.00
2017.12.20 20:08:01.602,8.39808,8.40029,1.38,1.00
2017.12.20 20:08:01.744,8.39792,8.40036,1.41,1.00
2017.12.20 20:08:01.795,8.39826,8.40043,1.00,1.00
2017.12.20 20:08:01.847,8.39827,8.40051,1.00,1.44
2017.12.20 20:08:01.899,8.39827,8.40055,1.19,1.00
2017.12.20 20:08:02.212,8.39828,8.40053,1.19,1.00
2017.12.20 20:08:02.872,8.39828,8.40053,1.38,1.00
2017.12.20 20:08:04.751,8.39828,8.40043,1.38,1.00
2017.12.20 20:08:04.802,8.39819,8.40043,1.44,1.00
2017.12.20 20:08:07.256,8.39819,8.40048,1.44,1.00
2017.12.20 20:08:07.307,8.39825,8.40048,1.44,1.00
2017.12.20 20:08:07.815,8.39825,8.40044,1.44,1.00
2017.12.20 20:08:07.866,8.39819,8.40044,1.38,1.00
2017.12.20 20:08:08.312,8.39819,8.40046,1.38,1.00
2017.12.20 20:08:08.630,8.39826,8.40051,1.44,1.00
2017.12.20 20:08:09.130,8.39827,8.40052,1.38,1.00
2017.12.20 20:08:09.898,8.39827,8.4006,1.38,1.44
2017.12.20 20:08:09.949,8.3984,8.4006,1.50,1.00
2017.12.20 20:08:10.251,8.39843,8.40048,1.00,1.00
2017.12.20 20:08:11.503,8.39819,8.40042,1.00,1.00
2017.12.20 20:08:11.605,8.3982,8.40044,1.38,1.00
2017.12.20 20:08:12.655,8.39822,8.40048,1.44,1.00
2017.12.20 20:08:12.737,8.39822,8.4005,1.44,1.00
2017.12.20 20:08:12.788,8.39822,8.4005,1.38,1.00
2017.12.20 20:08:13.116,8.39822,8.40046,1.38,1.00
2017.12.20 20:08:13.190,8.39822,8.4005,1.38,1.00
2017.12.20 20:08:13.241,8.39837,8.4005,1.00,1.00
2017.12.20 20:08:14.243,8.39837,8.4006,1.00,1.00
2017.12.20 20:08:14.491,8.39837,8.40051,1.00,1.00
2017.12.20 20:08:15.562,8.39837,8.40043,1.00,1.00
2017.12.20 20:08:15.715,8.39825,8.40048,1.44,1.00
2017.12.20 20:08:16.609,8.39825,8.40047,1.44,1.00
2017.12.20 20:08:17.169,8.39823,8.40047,1.44,1.00
2017.12.20 20:08:17.461,8.39821,8.40042,1.38,1.00
2017.12.20 20:08:17.677,8.39819,8.40042,1.19,1.00
2017.12.20 20:08:17.728,8.39819,8.40042,1.00,1.00
2017.12.20 20:08:19.559,8.39825,8.4005,1.44,1.00
2017.12.20 20:08:21.029,8.39825,8.40045,1.44,1.00
2017.12.20 20:08:21.080,8.3982,8.40045,1.38,1.00
2017.12.20 20:08:21.515,8.39825,8.4005,1.44,1.00
2017.12.20 20:08:22.120,8.39825,8.4005,1.25,1.00
2017.12.20 20:08:22.701,8.39825,8.4005,1.44,1.00
2017.12.20 20:08:23.342,8.39825,8.40048,1.44,1.00
2017.12.20 20:08:24.102,8.39824,8.40048,1.44,1.00
2017.12.20 20:08:25.557,8.39839,8.40061,1.44,1.00
2017.12.20 20:08:25.902,8.39838,8.40052,1.00,1.00
2017.12.20 20:08:27.496,8.39838,8.40057,1.00,1.00
2017.12.20 20:08:28.481,8.39838,8.40066,1.25,1.00
2017.12.20 20:08:28.532,8.39843,8.40066,1.44,1.00
2017.12.20 20:08:28.810,8.39819,8.40042,1.00,1.00
2017.12.20 20:08:30.858,8.39819,8.40041,1.00,1.00
2017.12.20 20:08:33.086,8.39819,8.40036,1.00,1.00
2017.12.20 20:08:33.137,8.39819,8.4004,1.00,1.00
2017.12.20 20:08:33.189,8.39824,8.40033,1.44,1.00
2017.12.20 20:08:33.240,8.39819,8.40046,1.00,1.00
2017.12.20 20:08:33.291,8.39819,8.40037,1.00,1.00
2017.12.20 20:08:33.650,8.39819,8.40043,1.00,1.00
2017.12.20 20:08:34.009,8.39828,8.40034,1.00,1.00
2017.12.20 20:08:34.192,8.39826,8.40033,1.00,1.00
2017.12.20 20:08:34.243,8.39822,8.40027,1.00,1.00
2017.12.20 20:08:34.345,8.39835,8.40042,1.00,1.00
2017.12.20 20:08:34.536,8.39845,8.40052,1.00,1.00
2017.12.20 20:08:34.858,8.39841,8.40046,1.00,1.00
2017.12.20 20:08:35.284,8.39843,8.4005,1.00,1.00
2017.12.20 20:08:35.483,8.39839,8.40044,1.00,1.00
2017.12.20 20:08:35.534,8.39844,8.40051,1.00,1.00
2017.12.20 20:08:35.914,8.39839,8.40046,1.50,1.00
2017.12.20 20:08:36.228,8.39839,8.40036,1.00,1.00
2017.12.20 20:08:36.450,8.39839,8.40043,1.50,1.00
2017.12.20 20:08:36.551,8.39843,8.4005,1.00,1.00
2017.12.20 20:08:36.711,8.39839,8.40039,1.00,1.00
2017.12.20 20:08:37.235,8.39839,8.40033,1.00,1.00
2017.12.20 20:08:38.371,8.39839,8.40029,1.00,1.00
2017.12.20 20:08:39.607,8.39839,8.40022,1.00,1.00
2017.12.20 20:08:39.660,8.39821,8.40029,1.00,1.00
2017.12.20 20:08:39.711,8.39821,8.40039,1.00,1.50
2017.12.20 20:08:39.762,8.39829,8.40034,1.00,1.00
2017.12.20 20:08:39.813,8.39833,8.4004,1.00,1.00
2017.12.20 20:08:39.865,8.39843,8.40047,1.00,1.38
2017.12.20 20:08:39.967,8.39847,8.40053,1.00,1.00
2017.12.20 20:08:40.019,8.39847,8.40044,1.00,1.00
2017.12.20 20:08:42.290,8.39847,8.4004,1.00,1.00
2017.12.20 20:08:42.343,8.39847,8.40052,1.00,1.00
2017.12.20 20:08:45.018,8.39847,8.40031,1.00,1.00
2017.12.20 20:08:45.119,8.39847,8.40035,1.00,1.00
2017.12.20 20:08:45.266,8.39847,8.40031,1.00,1.00
2017.12.20 20:08:45.582,8.39847,8.40035,1.00,1.00
2017.12.20 20:08:45.960,8.39847,8.40031,1.00,1.00
2017.12.20 20:08:46.120,8.39847,8.40035,1.00,1.00
2017.12.20 20:08:46.171,8.39847,8.40031,1.00,1.00
2017.12.20 20:08:47.187,8.39847,8.40036,1.00,1.00
2017.12.20 20:08:47.239,8.39847,8.40045,1.00,1.00
2017.12.20 20:08:47.341,8.39847,8.4005,1.00,1.00
2017.12.20 20:08:47.962,8.39847,8.40053,1.00,1.00
2017.12.20 20:08:48.115,8.39847,8.40048,1.00,1.00
2017.12.20 20:08:48.205,8.39847,8.40052,1.00,1.00
2017.12.20 20:08:48.307,8.39847,8.40048,1.00,1.00
2017.12.20 20:08:48.471,8.39847,8.40052,1.00,1.00
2017.12.20 20:08:48.559,8.39847,8.40048,1.00,1.00
2017.12.20 20:08:48.723,8.39847,8.40051,1.50,1.00
2017.12.20 20:08:48.853,8.39847,8.40048,1.00,1.00
2017.12.20 20:08:49.206,8.39847,8.40041,1.00,1.00
2017.12.20 20:08:49.257,8.39827,8.40031,1.00,1.00
2017.12.20 20:08:49.793,8.39832,8.40038,1.00,1.00
2017.12.20 20:08:49.897,8.39838,8.40042,1.00,1.00
2017.12.20 20:08:50.846,8.39828,8.40033,1.25,1.00
2017.12.20 20:08:51.001,8.39827,8.40021,1.00,1.00
2017.12.20 20:08:52.374,8.39841,8.40048,1.00,1.44
2017.12.20 20:08:52.426,8.39851,8.40057,1.00,1.00
2017.12.20 20:08:52.579,8.39846,8.40053,1.00,1.00
2017.12.20 20:08:52.700,8.39848,8.40053,1.00,1.00
2017.12.20 20:08:53.155,8.39851,8.40058,1.00,1.00
2017.12.20 20:08:53.424,8.39848,8.40051,1.00,1.00
2017.12.20 20:08:54.034,8.39848,8.40047,1.00,1.00
2017.12.20 20:08:54.161,8.39848,8.40052,1.00,1.00
2017.12.20 20:08:54.694,8.39848,8.40051,1.00,1.00
2017.12.20 20:08:57.093,8.39848,8.40045,1.00,1.00
2017.12.20 20:09:00.917,8.39848,8.40042,1.00,1.00
2017.12.20 20:09:02.785,8.39827,8.40033,1.00,1.00
2017.12.20 20:09:06.722,8.39827,8.40026,1.00,1.00
2017.12.20 20:09:06.774,8.39829,8.40035,1.00,1.38
2017.12.20 20:09:06.828,8.39817,8.40024,1.00,1.00
2017.12.20 20:09:06.879,8.39822,8.40029,1.00,1.00
2017.12.20 20:09:07.235,8.39828,8.40034,1.00,1.00
2017.12.20 20:09:07.388,8.39823,8.4003,1.00,1.00
2017.12.20 20:09:10.586,8.39822,8.40029,1.00,1.00
2017.12.20 20:09:10.637,8.39813,8.4002,1.00,1.00
2017.12.20 20:09:11.282,8.39818,8.40025,1.00,1.00
2017.12.20 20:09:23.334,8.39826,8.40032,1.00,1.50
2017.12.20 20:09:23.385,8.39819,8.40026,1.00,1.00
2017.12.20 20:09:24.243,8.39828,8.40032,1.00,1.25
2017.12.20 20:09:24.833,8.39812,8.40016,1.00,1.00
2017.12.20 20:09:24.884,8.39806,8.40013,1.00,1.00
2017.12.20 20:09:30.979,8.39808,8.40015,1.00,1.00
2017.12.20 20:09:32.834,8.3982,8.40024,1.00,1.44
2017.12.20 20:09:32.886,8.39813,8.40019,1.00,1.00
2017.12.20 20:09:33.507,8.39819,8.40023,1.00,1.00
2017.12.20 20:09:34.489,8.39809,8.40016,1.00,1.00
2017.12.20 20:09:34.540,8.39803,8.4001,1.00,1.00
2017.12.20 20:09:35.525,8.39824,8.40031,1.00,1.00
2017.12.20 20:09:35.870,8.39815,8.40022,1.00,1.00
2017.12.20 20:09:37.589,8.39822,8.40026,1.00,1.00
2017.12.20 20:09:37.640,8.39821,8.40028,1.00,1.00
2017.12.20 20:09:37.691,8.3982,8.40025,1.00,1.00
2017.12.20 20:09:38.299,8.39815,8.40021,1.50,1.00
2017.12.20 20:09:39.053,8.39815,8.4002,1.00,1.00
2017.12.20 20:09:39.204,8.39817,8.40024,1.00,1.00
2017.12.20 20:09:39.257,8.39804,8.40011,1.00,1.00
2017.12.20 20:09:39.592,8.39799,8.40005,1.00,1.00
2017.12.20 20:09:40.261,8.39803,8.40007,1.00,1.00
2017.12.20 20:09:40.312,8.39799,8.40006,1.00,1.00
2017.12.20 20:09:40.423,8.3979,8.39997,1.41,1.00
2017.12.20 20:09:40.756,8.39771,8.4,1.82,1.00
2017.12.20 20:09:41.231,8.39787,8.39992,1.71,1.00
2017.12.20 20:09:41.282,8.39769,8.39996,1.64,1.00
2017.12.20 20:09:41.809,8.39788,8.39993,1.41,1.00
2017.12.20 20:09:42.354,8.39788,8.39993,1.22,1.00
2017.12.20 20:09:43.015,8.39788,8.39993,1.41,1.00
2017.12.20 20:09:46.037,8.39785,8.39992,1.64,1.00
2017.12.20 20:09:48.514,8.39789,8.39995,1.41,1.00
2017.12.20 20:09:48.622,8.39786,8.39991,1.64,1.00
2017.12.20 20:09:51.562,8.39782,8.39987,1.64,1.00
2017.12.20 20:09:53.683,8.39788,8.39995,1.41,1.25
2017.12.20 20:09:54.265,8.39788,8.39995,1.71,1.00
2017.12.20 20:09:54.367,8.39786,8.3999,1.64,1.00
2017.12.20 20:09:56.242,8.39789,8.39996,1.41,1.00
2017.12.20 20:09:56.293,8.39781,8.39986,1.64,1.00
2017.12.20 20:09:56.344,8.39789,8.39996,1.41,1.00
2017.12.20 20:09:57.066,8.39789,8.39996,1.22,1.00
2017.12.20 20:09:57.618,8.39789,8.39996,1.41,1.00
2017.12.20 20:09:57.977,8.39784,8.3999,1.64,1.00
2017.12.20 20:09:58.079,8.3979,8.39997,1.41,1.00
2017.12.20 20:09:58.175,8.39786,8.39993,1.64,1.00
2017.12.20 20:09:59.021,8.39777,8.39998,1.64,1.00
2017.12.20 20:09:59.642,8.39793,8.39998,1.41,1.00
2017.12.20 20:10:00.391,8.39786,8.39993,1.45,1.00
2017.12.20 20:10:01.073,8.39787,8.39994,1.71,1.00
2017.12.20 20:10:01.378,8.39782,8.39989,1.64,1.00
2017.12.20 20:10:01.826,8.39784,8.39991,1.64,1.00
2017.12.20 20:10:02.350,8.39784,8.39991,1.64,1.00
2017.12.20 20:10:03.280,8.39781,8.39985,1.64,1.00
2017.12.20 20:10:03.919,8.39779,8.39984,1.64,1.00
2017.12.20 20:10:04.329,8.39775,8.39982,1.64,1.00
2017.12.20 20:10:05.093,8.3978,8.39985,1.64,1.00
2017.12.20 20:10:05.145,8.39791,8.39997,1.41,1.00
2017.12.20 20:10:05.662,8.39799,8.39998,1.00,1.00
2017.12.20 20:10:09.085,8.3979,8.39997,1.41,1.00
2017.12.20 20:10:09.529,8.398,8.39998,1.00,1.00
2017.12.20 20:10:09.751,8.39794,8.39998,1.41,1.00
2017.12.20 20:10:11.459,8.39801,8.39998,1.00,1.00
2017.12.20 20:10:11.561,8.39795,8.39998,1.41,1.00
2017.12.20 20:10:14.582,8.39799,8.39998,1.00,1.00
2017.12.20 20:10:16.855,8.39798,8.39998,1.25,1.00
2017.12.20 20:10:18.485,8.39776,8.39982,1.64,1.00
2017.12.20 20:10:18.536,8.39784,8.39991,1.64,1.00
2017.12.20 20:10:19.424,8.3979,8.39997,1.41,1.00
2017.12.20 20:10:19.722,8.39802,8.39998,1.00,1.00
2017.12.20 20:10:19.773,8.39809,8.40016,1.00,1.00
2017.12.20 20:10:19.824,8.39798,8.40005,1.25,1.00
2017.12.20 20:10:21.140,8.39802,8.40009,1.00,1.00
2017.12.20 20:10:22.167,8.39797,8.40003,1.49,1.00
2017.12.20 20:10:22.621,8.39791,8.39998,1.41,1.00
2017.12.20 20:10:23.178,8.39796,8.40003,1.41,1.00
2017.12.20 20:10:23.386,8.39791,8.39998,1.41,1.00
2017.12.20 20:10:23.588,8.39797,8.40004,1.49,1.00
2017.12.20 20:10:25.221,8.39797,8.40004,1.30,1.00
2017.12.20 20:10:25.769,8.39797,8.40004,1.49,1.00
2017.12.20 20:10:26.336,8.39804,8.40009,1.00,1.00
2017.12.20 20:10:27.954,8.39799,8.40004,1.25,1.00
2017.12.20 20:10:28.045,8.39802,8.40008,1.00,1.00
2017.12.20 20:10:28.199,8.39811,8.40017,1.00,1.00
2017.12.20 20:10:28.516,8.39796,8.40003,1.41,1.00
2017.12.20 20:10:28.567,8.39801,8.40007,1.00,1.00
2017.12.20 20:10:29.619,8.3978,8.39986,1.00,1.00
2017.12.20 20:10:30.099,8.39784,8.39991,1.00,1.00
2017.12.20 20:10:30.389,8.3978,8.39986,1.00,1.00
2017.12.20 20:10:30.892,8.3978,8.39979,1.00,1.00
2017.12.20 20:10:31.885,8.39779,8.39979,1.00,1.00
2017.12.20 20:10:32.196,8.39791,8.39979,1.00,1.00
2017.12.20 20:10:32.555,8.39799,8.39979,1.00,1.00
2017.12.20 20:10:32.607,8.39755,8.39961,1.25,1.00
2017.12.20 20:10:32.658,8.39762,8.39969,1.00,1.00
2017.12.20 20:10:34.939,8.39777,8.39979,1.00,1.00
2017.12.20 20:10:35.041,8.39797,8.40003,1.00,1.00
2017.12.20 20:10:35.092,8.398,8.40006,1.00,1.00
2017.12.20 20:10:35.649,8.39803,8.40007,1.00,1.00
2017.12.20 20:10:36.031,8.39805,8.4001,1.00,1.25
2017.12.20 20:10:38.617,8.39799,8.40005,1.00,1.00
2017.12.20 20:10:38.669,8.39799,8.40003,1.00,1.00
2017.12.20 20:10:39.400,8.39799,8.40005,1.00,1.00
2017.12.20 20:10:40.675,8.39794,8.39999,1.00,1.00
2017.12.20 20:10:40.981,8.39772,8.39978,1.19,1.00
2017.12.20 20:10:42.864,8.39763,8.3997,1.19,1.00
2017.12.20 20:10:46.133,8.39761,8.39968,1.19,1.00
2017.12.20 20:10:47.672,8.39756,8.39963,1.19,1.00
2017.12.20 20:10:47.724,8.39752,8.39956,1.00,1.00
2017.12.20 20:10:49.046,8.39754,8.39961,1.00,1.00
2017.12.20 20:10:49.253,8.39759,8.39966,1.00,1.00
2017.12.20 20:10:51.233,8.39771,8.39978,1.00,1.00
2017.12.20 20:10:53.778,8.39764,8.39971,1.00,1.00
2017.12.20 20:10:54.152,8.39771,8.39975,1.00,1.00
2017.12.20 20:10:55.589,8.39775,8.3998,1.00,1.00
2017.12.20 20:10:57.137,8.39771,8.39977,1.00,1.00
2017.12.20 20:10:59.369,8.39821,8.40015,1.00,1.00
2017.12.20 20:10:59.515,8.39794,8.40001,1.19,1.00
2017.12.20 20:10:59.566,8.39797,8.40004,1.00,1.00
2017.12.20 20:10:59.719,8.39792,8.39998,1.00,1.00
2017.12.20 20:10:59.923,8.39773,8.3998,1.00,1.00
2017.12.20 20:10:59.974,8.39771,8.39975,1.00,1.00
2017.12.20 20:11:00.025,8.39774,8.39979,1.00,1.00
2017.12.20 20:11:00.426,8.39769,8.39976,1.00,1.00
2017.12.20 20:11:00.712,8.39773,8.3998,1.00,1.00
2017.12.20 20:11:01.015,8.39769,8.39976,1.00,1.00
2017.12.20 20:11:01.339,8.39774,8.39979,1.00,1.00
2017.12.20 20:11:01.390,8.3979,8.39996,1.00,1.00
2017.12.20 20:11:01.631,8.39785,8.39992,1.00,1.00
2017.12.20 20:11:03.001,8.3979,8.39997,1.00,1.00
2017.12.20 20:11:03.378,8.39796,8.40001,1.00,1.00
2017.12.20 20:11:04.074,8.39801,8.40005,1.00,1.00
2017.12.20 20:11:04.328,8.39804,8.40011,1.00,1.00
2017.12.20 20:11:04.938,8.39812,8.40017,1.00,1.00
2017.12.20 20:11:06.084,8.39829,8.40035,1.00,1.19
2017.12.20 20:11:06.136,8.39833,8.4004,1.00,1.00
2017.12.20 20:11:07.057,8.39837,8.40044,1.00,1.00
2017.12.20 20:11:07.942,8.39839,8.40045,1.00,1.00
2017.12.20 20:11:08.094,8.3986,8.40067,1.00,1.00
2017.12.20 20:11:08.146,8.39858,8.40065,1.00,1.00
2017.12.20 20:11:08.453,8.39869,8.40076,1.00,1.00
2017.12.20 20:11:09.074,8.3987,8.40077,1.00,1.00
2017.12.20 20:11:09.839,8.3988,8.40087,1.00,1.00
2017.12.20 20:11:10.394,8.39875,8.40082,1.00,1.00
2017.12.20 20:11:11.569,8.39867,8.40074,1.00,1.00
2017.12.20 20:11:13.907,8.39874,8.40081,1.00,1.00
2017.12.20 20:11:14.251,8.39893,8.401,1.00,1.00
2017.12.20 20:11:14.794,8.39899,8.40104,1.00,1.00
2017.12.20 20:11:14.845,8.3988,8.40086,1.00,1.00
2017.12.20 20:11:15.230,8.39875,8.40081,1.00,1.00
2017.12.20 20:11:16.193,8.39877,8.40084,1.00,1.00
2017.12.20 20:11:16.862,8.39878,8.40085,1.00,1.00
2017.12.20 20:11:16.975,8.39876,8.40083,1.00,1.00
2017.12.20 20:11:21.150,8.39874,8.40078,1.00,1.00
2017.12.20 20:11:21.493,8.39871,8.40075,1.00,1.00
2017.12.20 20:11:21.544,8.39865,8.40072,1.00,1.00
2017.12.20 20:11:21.595,8.39869,8.40076,1.00,1.00
2017.12.20 20:11:22.062,8.3988,8.40086,1.00,1.00
2017.12.20 20:11:22.443,8.3988,8.40072,1.00,1.00
2017.12.20 20:11:22.494,8.39839,8.40072,1.00,1.00
2017.12.20 20:11:22.594,8.39839,8.40059,1.00,1.00
2017.12.20 20:11:22.900,8.39951,8.40138,1.00,1.00
2017.12.20 20:11:23.541,8.39952,8.40138,1.00,1.00
2017.12.20 20:11:24.106,8.39951,8.40138,1.00,1.00
2017.12.20 20:11:25.015,8.3997,8.40138,1.00,1.00
2017.12.20 20:11:28.048,8.3997,8.40137,1.00,1.00
2017.12.20 20:11:28.551,8.3997,8.40138,1.00,1.00
2017.12.20 20:11:46.307,8.3999,8.40138,1.00,1.00
2017.12.20 20:11:47.088,8.3999,8.40137,1.00,1.00
2017.12.20 20:11:47.778,8.3999,8.40148,1.00,1.00
2017.12.20 20:11:49.458,8.3999,8.40158,1.00,2.25
2017.12.20 20:11:49.739,8.3999,8.40147,1.00,1.00
2017.12.20 20:11:55.117,8.3999,8.40138,1.00,1.00
2017.12.20 20:11:55.169,8.39971,8.40128,1.00,1.00
2017.12.20 20:11:55.222,8.39935,8.40128,1.00,1.00
2017.12.20 20:11:55.326,8.39935,8.40138,1.00,1.50
2017.12.20 20:11:55.819,8.39951,8.40138,1.00,1.00
2017.12.20 20:11:56.356,8.39951,8.40137,1.00,1.00
2017.12.20 20:12:00.203,8.39973,8.40137,1.00,1.00
2017.12.20 20:12:00.305,8.39973,8.40147,1.00,1.00
2017.12.20 20:12:01.202,8.39973,8.40148,1.00,2.25
2017.12.20 20:12:03.707,8.39973,8.40168,1.00,1.00
2017.12.20 20:12:04.522,8.39973,8.40178,1.00,1.00
2017.12.20 20:12:04.757,8.39993,8.40184,1.00,1.00
2017.12.20 20:12:04.809,8.39975,8.40188,1.00,1.00
2017.12.20 20:12:04.860,8.39975,8.40178,1.00,1.00
2017.12.20 20:12:05.348,8.39998,8.40178,1.00,1.00
2017.12.20 20:12:05.693,8.39998,8.40168,1.00,1.00
2017.12.20 20:12:06.464,8.39975,8.40168,1.00,1.50
2017.12.20 20:12:09.832,8.39975,8.40158,1.00,1.00
2017.12.20 20:12:11.063,8.39955,8.4014,1.00,1.00
2017.12.20 20:12:11.115,8.39955,8.40144,1.00,1.00
2017.12.20 20:12:11.481,8.39955,8.40157,1.00,1.50
2017.12.20 20:12:12.150,8.39955,8.40156,1.00,1.00
2017.12.20 20:12:13.274,8.39955,8.40138,1.00,1.00
2017.12.20 20:12:13.326,8.39932,8.40138,1.00,1.00
2017.12.20 20:12:13.378,8.39946,8.40147,1.00,1.00
2017.12.20 20:12:14.972,8.39962,8.40158,1.00,1.00
2017.12.20 20:12:15.024,8.39966,8.40167,1.00,1.00
2017.12.20 20:12:15.075,8.39966,8.40162,1.00,1.00
2017.12.20 20:12:16.313,8.39966,8.4016,1.00,1.00
2017.12.20 20:12:17.095,8.39966,8.40162,1.00,1.00
2017.12.20 20:12:17.870,8.39966,8.40165,1.00,1.00
2017.12.20 20:12:18.554,8.39966,8.40166,1.00,1.00
2017.12.20 20:12:18.669,8.39968,8.40175,1.00,1.00
2017.12.20 20:12:19.031,8.39974,8.40181,1.00,1.00
2017.12.20 20:12:19.412,8.39994,8.40188,1.00,1.00
2017.12.20 20:12:19.467,8.40006,8.40213,1.00,1.00
2017.12.20 20:12:19.620,8.40013,8.40217,1.00,1.00
2017.12.20 20:12:19.923,8.40021,8.40216,1.00,1.00
2017.12.20 20:12:20.533,8.40021,8.40217,1.00,1.00
2017.12.20 20:12:20.665,8.40016,8.40217,1.00,1.00
2017.12.20 20:12:20.716,8.4002,8.40217,1.00,1.00
2017.12.20 20:12:21.404,8.4002,8.40196,1.00,1.00
2017.12.20 20:12:21.455,8.4,8.40187,1.00,1.00
2017.12.20 20:12:22.184,8.4,8.40188,1.00,1.50
2017.12.20 20:12:22.777,8.4,8.40197,1.00,1.00
2017.12.20 20:12:23.283,8.4,8.40188,1.00,1.50
2017.12.20 20:12:23.588,8.4,8.40177,1.00,1.00
2017.12.20 20:12:25.896,8.4,8.40188,1.00,1.00
2017.12.20 20:12:27.327,8.4,8.40168,1.00,1.00
2017.12.20 20:12:27.429,8.39956,8.40148,1.00,1.00
2017.12.20 20:12:27.480,8.3996,8.40148,1.00,1.00
2017.12.20 20:12:27.674,8.39956,8.40146,1.00,1.00
2017.12.20 20:12:28.140,8.39969,8.40146,1.00,1.00
2017.12.20 20:12:28.586,8.39939,8.40137,1.00,1.00
2017.12.20 20:12:28.638,8.39939,8.40146,1.00,1.00
2017.12.20 20:12:28.979,8.39958,8.40146,1.00,1.00
2017.12.20 20:12:29.558,8.39958,8.40147,1.00,1.00
2017.12.20 20:12:29.610,8.39965,8.40158,1.00,1.00
2017.12.20 20:12:29.662,8.39965,8.40148,1.00,1.00
2017.12.20 20:12:30.557,8.39965,8.40158,1.00,1.00
2017.12.20 20:12:30.855,8.39973,8.40157,1.00,1.00
2017.12.20 20:12:31.357,8.39964,8.40158,1.00,1.00
2017.12.20 20:12:31.409,8.39959,8.40148,1.00,1.00
2017.12.20 20:12:31.736,8.39976,8.40148,1.00,1.00
2017.12.20 20:12:33.788,8.39976,8.40147,1.00,1.00
2017.12.20 20:12:39.095,8.39976,8.40158,1.00,1.00
2017.12.20 20:12:41.269,8.39976,8.40166,1.00,1.00
2017.12.20 20:12:42.259,8.39976,8.40158,1.00,1.00
2017.12.20 20:12:43.572,8.39957,8.40148,1.00,1.00
2017.12.20 20:12:43.623,8.39957,8.40128,1.00,1.00
2017.12.20 20:12:43.675,8.39938,8.40138,1.00,1.00
2017.12.20 20:12:43.726,8.39938,8.40145,1.00,1.00
2017.12.20 20:12:43.828,8.39942,8.40147,1.00,1.00
2017.12.20 20:12:44.439,8.39942,8.40137,1.00,1.00
2017.12.20 20:12:45.740,8.39937,8.40137,1.00,1.00
2017.12.20 20:12:45.791,8.39942,8.40127,1.00,1.00
2017.12.20 20:12:45.843,8.39945,8.40148,1.00,1.00
2017.12.20 20:12:45.945,8.39937,8.40142,1.00,1.00
2017.12.20 20:12:46.246,8.39945,8.40148,1.00,1.00
2017.12.20 20:12:46.348,8.39937,8.40141,1.00,1.00
2017.12.20 20:12:46.743,8.39937,8.40137,1.00,1.00
2017.12.20 20:12:47.193,8.3994,8.40146,1.00,1.00
2017.12.20 20:12:47.244,8.39937,8.40142,1.00,1.00
2017.12.20 20:12:47.586,8.39939,8.40146,1.00,1.00
2017.12.20 20:12:47.637,8.39941,8.40148,1.00,1.50
2017.12.20 20:12:47.985,8.39943,8.40148,1.00,1.00
2017.12.20 20:12:48.832,8.39943,8.40149,1.00,1.00
2017.12.20 20:12:50.957,8.39944,8.40149,1.00,1.00
2017.12.20 20:12:51.262,8.39956,8.40155,1.00,1.00
2017.12.20 20:12:51.570,8.39956,8.40147,1.00,1.00
2017.12.20 20:12:51.854,8.39956,8.40154,1.00,1.00
2017.12.20 20:12:52.056,8.39957,8.40163,1.00,1.00
2017.12.20 20:12:52.815,8.39956,8.40152,1.00,1.00
2017.12.20 20:12:52.866,8.39956,8.40161,1.00,1.00
2017.12.20 20:12:52.917,8.39957,8.40164,1.00,1.00
2017.12.20 20:12:54.123,8.39956,8.40155,1.00,1.00
2017.12.20 20:12:54.174,8.39962,8.40168,1.00,1.00
2017.12.20 20:12:54.276,8.39964,8.40171,1.00,1.00
2017.12.20 20:12:54.384,8.39962,8.40169,1.00,1.00
2017.12.20 20:12:54.690,8.39982,8.40184,1.00,1.00
2017.12.20 20:12:55.736,8.39985,8.40184,1.00,1.00
2017.12.20 20:13:01.404,8.39987,8.40184,1.00,1.00
2017.12.20 20:13:01.519,8.39987,8.40192,1.00,1.00
2017.12.20 20:13:01.939,8.39987,8.40188,1.00,1.00
2017.12.20 20:13:03.139,8.39977,8.40184,2.44,1.00
2017.12.20 20:13:03.190,8.3999,8.40188,1.00,1.00
2017.12.20 20:13:04.109,8.3998,8.40182,1.19,1.00
2017.12.20 20:13:04.160,8.39987,8.40188,1.00,1.00
2017.12.20 20:13:05.007,8.40004,8.40188,1.00,1.00
2017.12.20 20:13:05.475,8.40004,8.40198,1.00,1.00
2017.12.20 20:13:08.292,8.40004,8.40188,1.00,1.00
2017.12.20 20:13:09.607,8.40004,8.40208,1.00,1.00
2017.12.20 20:13:09.659,8.40027,8.40228,1.00,1.00
2017.12.20 20:13:09.710,8.40034,8.40238,1.00,1.50
2017.12.20 20:13:10.402,8.40034,8.40228,1.50,1.00
2017.12.20 20:13:11.764,8.40034,8.40218,1.00,1.00
2017.12.20 20:13:16.172,8.4001,8.40207,1.00,1.00
2017.12.20 20:13:16.224,8.4001,8.40198,1.00,1.00
2017.12.20 20:13:16.428,8.4001,8.40208,1.00,1.00
2017.12.20 20:13:16.792,8.40023,8.40207,1.00,1.00
2017.12.20 20:13:16.844,8.40023,8.40218,1.00,1.00
2017.12.20 20:13:17.707,8.40027,8.40228,1.00,1.00
2017.12.20 20:13:18.077,8.4003,8.40228,1.00,1.00
2017.12.20 20:13:18.489,8.40023,8.40217,1.00,1.00
2017.12.20 20:13:18.998,8.40028,8.40217,1.00,1.00
2017.12.20 20:13:19.135,8.40028,8.40228,1.00,1.00
2017.12.20 20:13:19.706,8.40036,8.40238,1.00,1.00
2017.12.20 20:13:19.757,8.40043,8.4024,1.00,1.00
2017.12.20 20:13:23.948,8.40047,8.4024,1.00,1.00
2017.12.20 20:13:24.252,8.40081,8.40269,1.00,1.00
2017.12.20 20:13:24.761,8.40085,8.40269,1.00,1.00
2017.12.20 20:13:25.216,8.40087,8.40269,1.00,1.00
2017.12.20 20:13:27.651,8.40095,8.40291,1.00,1.00
2017.12.20 20:13:27.703,8.4015,8.40333,1.00,1.00
2017.12.20 20:13:27.755,8.40162,8.40376,1.00,1.00
2017.12.20 20:13:27.806,8.40175,8.40421,1.00,1.00
2017.12.20 20:13:27.858,8.40267,8.40421,1.00,1.00
2017.12.20 20:13:27.909,8.40326,8.40519,1.00,1.50
2017.12.20 20:13:27.961,8.40467,8.40521,1.87,1.50
2017.12.20 20:13:28.013,8.40432,8.40628,1.50,1.50
2017.12.20 20:13:28.064,8.40432,8.40647,1.00,1.00
2017.12.20 20:13:28.115,8.40478,8.40672,1.00,1.00
2017.12.20 20:13:28.184,8.40478,8.40674,1.00,1.00
2017.12.20 20:13:28.239,8.40478,8.40639,1.37,1.00
2017.12.20 20:13:28.374,8.40475,8.40714,1.00,1.46
2017.12.20 20:13:28.426,8.40471,8.40732,1.00,1.00
2017.12.20 20:13:28.477,8.40447,8.40732,1.38,1.00
2017.12.20 20:13:28.528,8.40503,8.40713,1.35,1.00
2017.12.20 20:13:28.732,8.40347,8.4064,1.94,1.00
2017.12.20 20:13:28.834,8.40391,8.40662,1.00,1.00
2017.12.20 20:13:28.989,8.4038,8.40654,1.38,1.00
2017.12.20 20:13:29.040,8.40389,8.40662,1.00,1.00
2017.12.20 20:13:29.091,8.40398,8.40662,1.00,1.00
2017.12.20 20:13:29.405,8.40385,8.40646,1.00,1.00
2017.12.20 20:13:29.745,8.40352,8.40626,1.79,1.00
2017.12.20 20:13:29.796,8.40359,8.40633,1.79,1.00
2017.12.20 20:13:30.000,8.40359,8.40603,1.60,1.00
2017.12.20 20:13:30.346,8.40368,8.40617,1.54,1.00
2017.12.20 20:13:30.709,8.40365,8.40612,1.79,1.00
2017.12.20 20:13:30.929,8.4037,8.40619,1.41,1.00
2017.12.20 20:13:31.049,8.40386,8.40633,1.41,1.00
2017.12.20 20:13:31.100,8.4039,8.40639,1.41,1.00
2017.12.20 20:13:32.201,8.40395,8.40642,1.41,1.00
2017.12.20 20:13:32.253,8.40398,8.40647,1.25,1.00
2017.12.20 20:13:33.258,8.40417,8.40641,1.00,1.00
2017.12.20 20:13:37.270,8.40437,8.4066,1.00,1.00
2017.12.20 20:13:37.419,8.40432,8.40656,1.00,1.00
2017.12.20 20:13:37.470,8.40423,8.40647,1.00,1.00
2017.12.20 20:13:37.903,8.40428,8.40651,1.00,1.00
2017.12.20 20:13:37.954,8.40438,8.40662,1.00,1.00
2017.12.20 20:13:38.005,8.40433,8.40656,1.00,1.00
2017.12.20 20:13:38.056,8.40437,8.40661,1.00,1.00
2017.12.20 20:13:38.356,8.4044,8.40664,1.00,1.00
2017.12.20 20:13:38.978,8.40434,8.40658,1.00,1.00
2017.12.20 20:13:39.536,8.40429,8.40653,1.00,1.00
2017.12.20 20:13:39.860,8.40438,8.40662,1.00,1.00
2017.12.20 20:13:42.174,8.40442,8.40666,1.00,1.00
2017.12.20 20:13:42.670,8.40446,8.4067,1.00,1.00
2017.12.20 20:13:45.489,8.40472,8.40685,1.00,1.38
2017.12.20 20:13:45.541,8.40466,8.4069,1.00,1.00
2017.12.20 20:13:45.592,8.40471,8.40694,1.00,1.00
2017.12.20 20:13:45.895,8.40451,8.40672,1.00,1.00
2017.12.20 20:13:46.249,8.40445,8.40669,1.00,1.00
2017.12.20 20:13:48.284,8.4046,8.40658,1.00,1.00
2017.12.20 20:13:51.022,8.40455,8.40653,1.00,1.00
2017.12.20 20:13:51.073,8.4045,8.40649,1.00,1.00
2017.12.20 20:13:51.734,8.40454,8.40653,1.00,1.00
2017.12.20 20:13:52.143,8.40444,8.40643,1.88,1.00
2017.12.20 20:13:52.194,8.40443,8.40641,1.00,1.00
2017.12.20 20:13:52.576,8.40449,8.40647,1.00,1.44
2017.12.20 20:13:52.628,8.40453,8.40651,1.00,1.00
2017.12.20 20:13:52.729,8.40458,8.40656,1.00,1.00
2017.12.20 20:13:52.882,8.40463,8.40662,1.00,1.00
2017.12.20 20:13:52.948,8.40468,8.40666,1.00,1.44
2017.12.20 20:13:53.000,8.40479,8.40678,1.00,1.00
2017.12.20 20:13:53.272,8.40471,8.4067,1.00,1.00
2017.12.20 20:13:53.585,8.40465,8.40663,1.00,1.00
2017.12.20 20:13:54.093,8.40465,8.40664,1.00,1.00
2017.12.20 20:13:54.465,8.4046,8.40659,1.00,1.00
2017.12.20 20:13:54.790,8.40459,8.40656,1.00,1.00
2017.12.20 20:13:55.312,8.40454,8.40652,1.00,1.00
2017.12.20 20:13:55.364,8.40449,8.40647,1.00,1.00
2017.12.20 20:13:55.714,8.40447,8.40646,1.00,1.00
2017.12.20 20:13:56.352,8.40467,8.40664,1.00,1.25
2017.12.20 20:13:56.403,8.40457,8.40663,1.38,1.00
2017.12.20 20:13:56.454,8.40524,8.40699,1.00,1.00
2017.12.20 20:13:56.506,8.40537,8.40735,1.00,1.00
2017.12.20 20:13:56.557,8.40545,8.40744,1.00,1.88
2017.12.20 20:13:56.801,8.40549,8.40747,1.00,1.19
2017.12.20 20:13:56.903,8.40577,8.40776,1.00,1.00
2017.12.20 20:13:56.955,8.40566,8.40765,1.00,1.00
2017.12.20 20:13:57.259,8.40577,8.40776,1.00,1.19
2017.12.20 20:13:57.361,8.40607,8.40805,1.00,1.00
2017.12.20 20:13:57.413,8.40648,8.4084,1.00,1.00
2017.12.20 20:13:57.464,8.40666,8.4089,1.00,1.00
2017.12.20 20:13:57.719,8.40675,8.40899,1.00,1.44
2017.12.20 20:13:57.878,8.40693,8.40917,1.00,1.25
2017.12.20 20:13:57.929,8.40702,8.40926,1.00,1.00
2017.12.20 20:13:58.235,8.40769,8.40993,1.00,1.00
2017.12.20 20:13:58.540,8.40778,8.41002,1.00,1.00
2017.12.20 20:13:59.194,8.40797,8.41021,1.00,1.00
2017.12.20 20:13:59.552,8.40785,8.41009,1.00,1.00
2017.12.20 20:14:00.169,8.40795,8.41018,1.00,1.44
2017.12.20 20:14:00.272,8.40791,8.41015,1.00,1.00
2017.12.20 20:14:00.593,8.40787,8.41011,1.00,1.00
2017.12.20 20:14:00.999,8.40795,8.41019,1.00,1.00
2017.12.20 20:14:01.304,8.408,8.41024,1.00,1.00
2017.12.20 20:14:01.656,8.40796,8.41017,1.00,1.00
2017.12.20 20:14:01.707,8.40789,8.41011,1.00,1.00
2017.12.20 20:14:02.315,8.40787,8.41011,1.00,1.00
2017.12.20 20:14:02.646,8.40795,8.41018,1.00,1.00
2017.12.20 20:14:02.985,8.40801,8.41023,1.00,1.00
2017.12.20 20:14:03.732,8.40796,8.4102,1.00,1.00
2017.12.20 20:14:04.024,8.408,8.41024,1.00,1.00
2017.12.20 20:14:04.330,8.40796,8.4102,1.00,1.00
2017.12.20 20:14:04.958,8.408,8.41024,1.00,1.00
2017.12.20 20:14:06.909,8.40805,8.41027,1.00,1.00
2017.12.20 20:14:08.199,8.408,8.41024,1.00,1.00
2017.12.20 20:14:08.548,8.40803,8.41027,1.00,1.00
2017.12.20 20:14:09.037,8.40801,8.41024,1.00,1.00
2017.12.20 20:14:09.223,8.40797,8.41021,1.00,1.00
2017.12.20 20:14:09.325,8.40802,8.41025,1.00,1.00
2017.12.20 20:14:09.635,8.40818,8.41009,1.00,1.00
2017.12.20 20:14:10.070,8.40809,8.41,1.19,1.00
2017.12.20 20:14:10.576,8.40809,8.41,1.00,1.00
2017.12.20 20:14:10.627,8.40764,8.4098,1.19,1.00
2017.12.20 20:14:10.679,8.40764,8.4098,1.00,1.00
2017.12.20 20:14:10.780,8.40761,8.40964,1.00,1.00
2017.12.20 20:14:11.094,8.40756,8.40949,1.00,1.00
2017.12.20 20:14:11.699,8.40766,8.40957,1.00,1.25
2017.12.20 20:14:12.761,8.40777,8.40966,1.00,1.68
2017.12.20 20:14:13.054,8.40798,8.40989,1.00,1.00
2017.12.20 20:14:13.162,8.40789,8.4098,1.00,1.00
2017.12.20 20:14:13.467,8.40786,8.40975,1.00,1.00
2017.12.20 20:14:13.519,8.40797,8.40987,1.00,1.00
2017.12.20 20:14:13.570,8.40804,8.40995,1.00,1.00
2017.12.20 20:14:13.622,8.40807,8.40998,1.00,1.00
2017.12.20 20:14:13.926,8.408,8.40988,1.00,1.00
2017.12.20 20:14:14.259,8.40802,8.4099,1.00,1.00
2017.12.20 20:14:14.310,8.40796,8.40986,1.00,1.00
2017.12.20 20:14:14.467,8.40791,8.40981,1.00,1.00
2017.12.20 20:14:14.631,8.40786,8.40977,1.00,1.00
2017.12.20 20:14:14.774,8.40789,8.4098,1.00,1.00
2017.12.20 20:14:15.198,8.40793,8.40984,1.00,1.00
2017.12.20 20:14:17.698,8.40789,8.4098,1.00,1.00
2017.12.20 20:14:18.061,8.40785,8.40976,1.00,1.00
2017.12.20 20:14:18.385,8.40754,8.40945,1.00,1.00
2017.12.20 20:14:18.785,8.40739,8.40929,1.00,1.00
2017.12.20 20:14:18.989,8.40744,8.40935,1.00,1.00
2017.12.20 20:14:19.290,8.40749,8.4094,1.00,1.00
2017.12.20 20:14:19.612,8.40755,8.40946,1.00,1.00
2017.12.20 20:14:20.818,8.40751,8.40942,1.00,1.00
2017.12.20 20:14:21.605,8.40748,8.40937,1.00,1.00
2017.12.20 20:14:23.933,8.40743,8.40933,1.00,1.00
2017.12.20 20:14:24.082,8.40751,8.40941,1.00,1.00
2017.12.20 20:14:24.878,8.40752,8.40942,1.00,1.00
2017.12.20 20:14:24.929,8.40757,8.40948,1.00,1.00
2017.12.20 20:14:25.150,8.40753,8.40944,1.00,1.00
2017.12.20 20:14:27.289,8.40768,8.40954,1.00,1.37
2017.12.20 20:14:27.341,8.40772,8.40963,1.00,1.00
2017.12.20 20:14:27.474,8.40778,8.40969,1.00,1.00
2017.12.20 20:14:28.790,8.40783,8.40973,1.00,1.00
2017.12.20 20:14:29.142,8.40779,8.40967,1.00,1.00
2017.12.20 20:14:29.410,8.40782,8.40973,1.00,1.00
2017.12.20 20:14:29.461,8.40777,8.40968,1.00,1.00
2017.12.20 20:14:31.745,8.40769,8.4096,1.25,1.00
2017.12.20 20:14:32.050,8.40736,8.40927,1.00,1.00
2017.12.20 20:14:32.368,8.40718,8.40916,1.00,1.00
2017.12.20 20:14:32.420,8.40658,8.40838,1.19,1.00
2017.12.20 20:14:32.472,8.40642,8.40833,1.00,1.00
2017.12.20 20:14:32.523,8.40645,8.40836,1.00,1.00
2017.12.20 20:14:32.575,8.40613,8.40833,1.00,1.19
2017.12.20 20:14:32.627,8.40649,8.4084,1.00,1.19
2017.12.20 20:14:32.729,8.40656,8.40846,1.00,1.00
2017.12.20 20:14:32.780,8.40661,8.40852,1.00,1.00
2017.12.20 20:14:32.831,8.40693,8.40884,1.00,1.00
2017.12.20 20:14:33.148,8.40691,8.40882,1.00,1.00
2017.12.20 20:14:33.453,8.40699,8.4089,1.00,1.00
2017.12.20 20:14:33.758,8.40729,8.409,1.00,1.00
2017.12.20 20:14:34.576,8.40729,8.4092,1.00,1.00
2017.12.20 20:14:34.678,8.40725,8.40916,1.00,1.00
2017.12.20 20:14:38.281,8.40704,8.40894,1.19,1.00
2017.12.20 20:14:38.333,8.40699,8.4089,1.00,1.00
2017.12.20 20:14:38.384,8.40711,8.40902,1.00,1.00
2017.12.20 20:14:38.711,8.40663,8.40852,1.00,1.00
2017.12.20 20:14:39.016,8.40661,8.40852,1.00,1.00
2017.12.20 20:14:39.322,8.40672,8.40863,1.00,1.38
2017.12.20 20:14:39.463,8.40651,8.40849,1.38,1.00
2017.12.20 20:14:39.514,8.40619,8.40852,1.00,1.00
2017.12.20 20:14:39.720,8.40624,8.40857,1.00,1.00
2017.12.20 20:14:40.026,8.40639,8.40862,1.00,1.38
2017.12.20 20:14:40.260,8.40649,8.40879,1.00,1.00
2017.12.20 20:14:40.312,8.40658,8.40882,1.00,1.00
2017.12.20 20:14:41.252,8.40649,8.40881,1.38,1.00
2017.12.20 20:14:41.303,8.40638,8.40869,1.00,1.00
2017.12.20 20:14:41.413,8.40638,8.40862,1.00,1.00
2017.12.20 20:14:41.566,8.40627,8.40857,1.00,1.00
2017.12.20 20:14:41.780,8.40631,8.40861,1.00,1.00
2017.12.20 20:14:42.226,8.40635,8.40847,1.00,1.00
2017.12.20 20:14:42.587,8.40637,8.4085,1.00,1.00
2017.12.20 20:14:43.435,8.40662,8.40853,1.00,1.00
2017.12.20 20:14:43.740,8.40712,8.40902,1.00,1.00
2017.12.20 20:14:44.045,8.40741,8.4093,1.00,1.00
2017.12.20 20:14:44.220,8.40754,8.40944,1.00,1.00
2017.12.20 20:14:44.271,8.40761,8.40951,1.00,1.00
2017.12.20 20:14:44.527,8.40808,8.41005,1.00,1.00
2017.12.20 20:14:44.680,8.4082,8.41011,1.00,1.00
2017.12.20 20:14:45.024,8.40828,8.41018,1.00,1.00
2017.12.20 20:14:45.333,8.40819,8.41008,1.00,1.00
2017.12.20 20:14:45.663,8.40828,8.41008,1.00,1.00
2017.12.20 20:14:46.347,8.40839,8.41018,1.00,1.00
2017.12.20 20:14:46.449,8.40824,8.41014,1.00,1.00
2017.12.20 20:14:46.652,8.40828,8.41019,1.00,1.00
2017.12.20 20:14:46.703,8.40833,8.41024,1.00,1.00
2017.12.20 20:14:47.319,8.40829,8.4102,1.00,1.00
2017.12.20 20:14:47.626,8.40823,8.41014,1.00,1.00
2017.12.20 20:14:47.931,8.40843,8.41032,1.00,1.00
2017.12.20 20:14:48.274,8.40854,8.41043,1.00,1.00
2017.12.20 20:14:49.968,8.4085,8.41041,1.00,1.00
2017.12.20 20:14:50.807,8.40877,8.41065,1.00,1.00
2017.12.20 20:14:51.010,8.40867,8.41058,1.00,1.00
2017.12.20 20:14:52.702,8.40853,8.41044,1.00,1.00
2017.12.20 20:14:53.986,8.40864,8.41055,1.00,1.00
2017.12.20 20:14:54.301,8.40862,8.41053,1.00,1.00
2017.12.20 20:14:55.238,8.40866,8.41057,1.00,1.00
2017.12.20 20:14:55.539,8.40848,8.41039,1.00,1.00
2017.12.20 20:14:55.968,8.40853,8.41044,1.00,1.00
2017.12.20 20:14:56.579,8.40858,8.41048,1.00,1.00
2017.12.20 20:14:56.698,8.40843,8.41034,1.00,1.00
2017.12.20 20:14:56.800,8.40852,8.41043,1.00,1.00
2017.12.20 20:14:58.372,8.40847,8.41038,1.00,1.00
2017.12.20 20:15:00.620,8.40878,8.41005,1.00,1.00
2017.12.20 20:15:00.925,8.4089,8.41017,1.00,1.00
2017.12.20 20:15:01.489,8.40894,8.41021,1.00,1.00
2017.12.20 20:15:02.029,8.4089,8.41017,1.00,1.00
2017.12.20 20:15:03.048,8.40894,8.41021,1.00,1.00
2017.12.20 20:15:03.353,8.40897,8.41024,1.00,1.00
2017.12.20 20:15:05.499,8.40887,8.41008,1.19,1.00
2017.12.20 20:15:05.552,8.40883,8.41008,1.00,1.00
2017.12.20 20:15:05.606,8.40901,8.41028,1.00,1.00
2017.12.20 20:15:05.659,8.40904,8.41031,1.00,1.00
2017.12.20 20:15:05.967,8.40882,8.41007,1.00,1.00
2017.12.20 20:15:06.368,8.40878,8.41003,1.00,1.00
2017.12.20 20:15:08.245,8.40885,8.41012,1.00,1.00
2017.12.20 20:15:08.297,8.40887,8.41014,1.00,1.00
2017.12.20 20:15:08.610,8.40878,8.41005,1.00,1.00
2017.12.20 20:15:09.016,8.4087,8.41005,1.00,1.00
2017.12.20 20:15:09.219,8.40876,8.4101,1.00,1.00
2017.12.20 20:15:09.661,8.40871,8.41006,1.00,1.00
2017.12.20 20:15:10.187,8.40872,8.41007,1.00,1.00
2017.12.20 20:15:16.574,8.40862,8.40989,1.19,1.00
2017.12.20 20:15:16.625,8.40823,8.40989,1.00,1.00
2017.12.20 20:15:16.727,8.40824,8.40993,1.00,1.00
2017.12.20 20:15:17.487,8.40823,8.40991,1.00,1.00
2017.12.20 20:15:19.897,8.40826,8.40995,1.00,1.00
2017.12.20 20:15:22.128,8.40827,8.40984,1.00,1.00
2017.12.20 20:15:24.211,8.40828,8.40983,1.00,1.00
2017.12.20 20:15:26.406,8.40825,8.40979,1.00,1.00
2017.12.20 20:15:26.457,8.4082,8.40975,1.00,1.00
2017.12.20 20:15:27.259,8.40823,8.40974,1.00,1.00
2017.12.20 20:15:27.731,8.40836,8.40979,1.00,1.00
2017.12.20 20:15:28.199,8.40828,8.40979,1.00,1.00
2017.12.20 20:15:29.463,8.4083,8.40989,1.00,1.00
2017.12.20 20:15:31.362,8.40822,8.41,1.00,1.00
2017.12.20 20:15:31.793,8.40806,8.41,1.00,1.00
2017.12.20 20:15:32.132,8.40824,8.41,1.00,1.00
2017.12.20 20:15:32.183,8.40807,8.41,1.00,1.00
2017.12.20 20:15:32.351,8.40814,8.41,1.38,1.00
2017.12.20 20:15:32.403,8.40808,8.41,1.00,1.00
2017.12.20 20:15:32.454,8.40824,8.41,1.00,1.00
2017.12.20 20:15:32.539,8.40814,8.41,1.00,1.00
2017.12.20 20:15:32.590,8.40824,8.41,1.00,1.00
2017.12.20 20:15:32.740,8.40814,8.41,1.00,1.00
2017.12.20 20:15:32.792,8.40825,8.41,1.00,1.00
2017.12.20 20:15:32.955,8.40819,8.41,1.00,1.00
2017.12.20 20:15:33.006,8.40793,8.40984,1.44,1.00
2017.12.20 20:15:33.685,8.40793,8.40984,1.00,1.00
2017.12.20 20:15:33.736,8.40766,8.40955,1.00,1.00
2017.12.20 20:15:34.041,8.40763,8.40951,1.00,1.00
2017.12.20 20:15:35.426,8.4079,8.40981,1.00,1.00
2017.12.20 20:15:35.477,8.40794,8.40985,1.00,1.00
2017.12.20 20:15:36.857,8.40771,8.40962,1.00,1.00
2017.12.20 20:15:37.191,8.40766,8.40955,1.00,1.00
2017.12.20 20:15:39.280,8.4077,8.40961,1.00,1.00
2017.12.20 20:15:40.051,8.40771,8.40961,1.00,1.00
2017.12.20 20:15:40.820,8.40774,8.40962,1.00,1.00
2017.12.20 20:15:41.904,8.4077,8.40961,1.00,1.00
2017.12.20 20:15:42.831,8.40739,8.4093,1.00,1.00
2017.12.20 20:15:43.136,8.4072,8.40911,1.00,1.00
2017.12.20 20:15:43.494,8.40728,8.40919,1.00,1.00
2017.12.20 20:15:44.342,8.40713,8.40904,1.44,1.00
2017.12.20 20:15:44.672,8.40701,8.40892,1.00,1.00
2017.12.20 20:15:44.953,8.40704,8.40895,1.00,1.00
2017.12.20 20:15:45.259,8.40735,8.40925,1.00,1.00
2017.12.20 20:15:46.745,8.40736,8.40927,1.00,1.00
2017.12.20 20:15:47.528,8.40737,8.40928,1.00,1.50
2017.12.20 20:15:49.789,8.40741,8.40928,1.00,1.00
2017.12.20 20:15:49.992,8.40752,8.40943,1.00,1.00
2017.12.20 20:15:50.043,8.40759,8.40947,1.00,1.00
2017.12.20 20:15:50.167,8.40746,8.40935,1.00,1.00
2017.12.20 20:15:50.542,8.40739,8.4093,1.38,1.00
2017.12.20 20:15:50.593,8.40739,8.4093,1.00,1.00
2017.12.20 20:15:50.644,8.40744,8.40933,1.00,1.00
2017.12.20 20:15:50.811,8.4075,8.4094,1.00,1.00
2017.12.20 20:15:53.347,8.40762,8.40947,1.00,1.00
2017.12.20 20:15:53.863,8.4077,8.40947,1.00,1.00
2017.12.20 20:15:54.260,8.40764,8.40947,1.00,1.00
2017.12.20 20:15:56.193,8.40744,8.40935,1.00,1.00
2017.12.20 20:15:56.395,8.40738,8.40929,1.00,1.00
2017.12.20 20:15:56.833,8.40732,8.40922,1.00,1.00
2017.12.20 20:15:59.192,8.40755,8.40928,1.00,1.00
2017.12.20 20:15:59.243,8.40755,8.40946,1.00,1.00
2017.12.20 20:15:59.294,8.40761,8.40949,1.00,1.00
2017.12.20 20:15:59.702,8.40763,8.40952,1.00,1.00
2017.12.20 20:15:59.754,8.40768,8.40952,1.00,1.00
2017.12.20 20:16:00.660,8.40764,8.40952,1.00,1.00
2017.12.20 20:16:01.043,8.40746,8.40937,1.00,1.00
2017.12.20 20:16:01.776,8.40744,8.40935,1.00,1.00
2017.12.20 20:16:02.130,8.4074,8.4093,1.00,1.00
2017.12.20 20:16:02.336,8.40744,8.40935,1.00,1.00
2017.12.20 20:16:02.387,8.40753,8.40942,1.00,1.00
2017.12.20 20:16:04.932,8.40748,8.40939,1.00,1.00
2017.12.20 20:16:04.983,8.40745,8.40934,1.25,1.00
2017.12.20 20:16:10.078,8.40734,8.40923,1.88,1.00
2017.12.20 20:16:10.130,8.40728,8.40919,1.00,1.00
2017.12.20 20:16:11.122,8.40724,8.40912,1.00,1.00
2017.12.20 20:16:12.724,8.40712,8.40903,1.00,1.00
2017.12.20 20:16:12.776,8.40702,8.40891,1.00,1.00
2017.12.20 20:16:14.633,8.40715,8.40893,1.00,1.00
2017.12.20 20:16:14.778,8.40709,8.40893,1.00,1.00
2017.12.20 20:16:14.830,8.40712,8.40893,1.00,1.00
2017.12.20 20:16:16.805,8.40714,8.40893,1.00,1.00
2017.12.20 20:16:17.572,8.40709,8.40893,1.00,1.00
2017.12.20 20:16:17.768,8.40716,8.40893,1.00,1.00
2017.12.20 20:16:18.003,8.40716,8.40906,1.00,1.00
2017.12.20 20:16:18.588,8.40711,8.40902,1.00,1.00
2017.12.20 20:16:18.639,8.40709,8.40898,1.00,1.00
2017.12.20 20:16:18.690,8.40711,8.40902,1.00,1.00
2017.12.20 20:16:19.051,8.40703,8.40894,1.00,1.00
2017.12.20 20:16:19.368,8.40716,8.40904,1.00,1.00
2017.12.20 20:16:19.501,8.4072,8.40911,1.00,1.44
2017.12.20 20:16:20.052,8.4072,8.40911,1.00,1.00
2017.12.20 20:16:20.586,8.40717,8.40907,1.00,1.00
2017.12.20 20:16:21.289,8.4072,8.40911,1.00,1.00
2017.12.20 20:16:21.518,8.40718,8.40907,1.00,1.00
2017.12.20 20:16:21.569,8.4072,8.40911,1.00,1.00
2017.12.20 20:16:22.537,8.40713,8.40903,1.00,1.00
2017.12.20 20:16:22.847,8.40717,8.40908,1.00,1.00
2017.12.20 20:16:23.168,8.40729,8.40916,1.00,1.00
2017.12.20 20:16:24.368,8.40722,8.40914,1.00,1.00
2017.12.20 20:16:24.714,8.40719,8.40911,1.00,1.00
2017.12.20 20:16:25.102,8.40718,8.40909,1.00,1.00
2017.12.20 20:16:26.170,8.40723,8.40913,1.00,1.00
2017.12.20 20:16:31.837,8.4072,8.40911,1.00,1.00
2017.12.20 20:16:32.103,8.40728,8.40879,1.00,1.00
2017.12.20 20:16:32.671,8.4073,8.4088,1.00,1.00
2017.12.20 20:16:33.593,8.40725,8.40876,1.00,1.00
2017.12.20 20:16:33.696,8.4072,8.4087,1.00,1.00
2017.12.20 20:16:34.750,8.40724,8.40875,1.00,1.00
2017.12.20 20:16:37.977,8.40716,8.40907,1.00,1.00
2017.12.20 20:16:39.350,8.40715,8.40906,1.00,1.00
2017.12.20 20:16:41.515,8.40708,8.40897,1.00,1.00
2017.12.20 20:16:45.031,8.40707,8.40896,1.00,1.00
2017.12.20 20:16:46.908,8.40708,8.40899,1.00,1.00
2017.12.20 20:16:49.205,8.40708,8.40891,1.00,1.00
2017.12.20 20:16:49.358,8.407,8.4089,1.00,1.00
2017.12.20 20:16:50.226,8.407,8.40891,1.00,1.00
2017.12.20 20:16:50.455,8.4069,8.40881,1.00,1.00
2017.12.20 20:16:50.760,8.40612,8.40803,1.00,1.00
2017.12.20 20:16:51.671,8.40604,8.40803,1.44,1.00
2017.12.20 20:16:52.204,8.40604,8.40803,1.00,1.00
2017.12.20 20:16:52.316,8.40609,8.40808,1.00,1.50
2017.12.20 20:16:52.632,8.40613,8.40805,1.00,1.00
2017.12.20 20:16:52.979,8.40613,8.40797,1.00,1.00
2017.12.20 20:16:53.506,8.40603,8.40797,1.44,1.50
2017.12.20 20:16:53.557,8.40598,8.40797,1.00,1.50
2017.12.20 20:16:53.984,8.40598,8.40755,1.00,1.00
2017.12.20 20:16:54.328,8.40588,8.40755,1.00,1.00
2017.12.20 20:16:54.535,8.40579,8.40755,1.88,1.00
2017.12.20 20:16:54.825,8.4057,8.40755,1.44,1.00
2017.12.20 20:16:54.978,8.40609,8.40787,1.00,1.00
2017.12.20 20:16:55.081,8.40591,8.40797,1.00,1.00
2017.12.20 20:16:55.132,8.40584,8.40786,1.38,1.00
2017.12.20 20:16:55.433,8.40581,8.40776,1.00,1.00
2017.12.20 20:16:57.383,8.40584,8.40776,1.00,1.00
2017.12.20 20:16:57.677,8.40583,8.4079,1.00,1.00
2017.12.20 20:16:58.982,8.4059,8.40795,1.00,1.00
2017.12.20 20:17:01.555,8.40593,8.40795,1.00,1.00
2017.12.20 20:17:03.079,8.40602,8.40795,1.00,1.00
2017.12.20 20:17:03.182,8.40597,8.40795,1.00,1.00
2017.12.20 20:17:03.546,8.4066,8.40783,1.00,1.00
2017.12.20 20:17:08.933,8.40676,8.40795,1.00,1.00
2017.12.20 20:17:08.984,8.40676,8.40799,1.00,1.00
2017.12.20 20:17:09.035,8.407,8.40821,1.00,1.00
2017.12.20 20:17:12.909,8.40735,8.40858,1.00,1.00
2017.12.20 20:17:16.969,8.40757,8.4088,1.00,1.00
2017.12.20 20:17:17.339,8.40838,8.40945,1.00,1.00
2017.12.20 20:17:17.390,8.40838,8.40961,1.00,1.00
2017.12.20 20:17:18.633,8.40824,8.40947,1.00,1.00
2017.12.20 20:17:18.947,8.4081,8.40933,1.00,1.00
2017.12.20 20:17:19.292,8.40824,8.40947,1.00,1.00
2017.12.20 20:17:28.877,8.40841,8.40964,1.00,1.00
2017.12.20 20:17:31.182,8.40817,8.4094,1.00,1.00
2017.12.20 20:17:31.511,8.40799,8.40922,1.00,1.00
2017.12.20 20:17:35.634,8.40785,8.40908,1.00,1.00
2017.12.20 20:17:37.598,8.40769,8.40892,1.00,1.00
2017.12.20 20:17:37.903,8.4069,8.40812,1.00,1.00
2017.12.20 20:17:38.016,8.40704,8.40827,1.00,1.00
2017.12.20 20:17:51.132,8.40725,8.40848,1.00,1.00
2017.12.20 20:18:12.227,8.40736,8.40857,1.00,1.00
2017.12.20 20:18:19.143,8.40751,8.40857,1.00,1.00
2017.12.20 20:18:19.195,8.40771,8.40894,1.00,1.00
2017.12.20 20:18:24.518,8.40749,8.40872,1.00,1.00
2017.12.20 20:18:29.872,8.40707,8.4083,1.00,1.00
2017.12.20 20:18:30.194,8.40724,8.40847,1.00,1.00
2017.12.20 20:18:30.512,8.40744,8.40867,1.00,1.00
2017.12.20 20:18:30.868,8.40768,8.4089,1.00,1.00
2017.12.20 20:18:33.676,8.40813,8.40935,1.00,1.00
2017.12.20 20:18:34.186,8.40791,8.40914,1.00,1.00
2017.12.20 20:18:36.246,8.40814,8.40937,1.00,1.00
2017.12.20 20:18:38.234,8.40851,8.40974,1.00,1.00
2017.12.20 20:18:38.566,8.409,8.41023,1.00,1.00
2017.12.20 20:18:38.896,8.40935,8.41058,1.00,1.00
2017.12.20 20:18:39.201,8.40913,8.41036,1.00,1.00
2017.12.20 20:18:39.523,8.40934,8.41057,1.00,1.00
2017.12.20 20:18:41.217,8.4092,8.41043,1.00,1.00
2017.12.20 20:18:41.529,8.40934,8.41057,1.00,1.00
2017.12.20 20:18:43.020,8.4092,8.41043,1.00,1.00
2017.12.20 20:18:46.569,8.40934,8.41057,1.00,1.00
2017.12.20 20:18:47.007,8.4092,8.41043,1.00,1.00
2017.12.20 20:19:05.026,8.40909,8.41032,1.00,1.00
2017.12.20 20:19:05.334,8.40924,8.41046,1.00,1.00
2017.12.20 20:19:07.910,8.4091,8.41031,1.00,1.00
2017.12.20 20:19:08.930,8.40924,8.41046,1.00,1.00
2017.12.20 20:19:14.169,8.40907,8.4103,1.00,1.00
2017.12.20 20:19:17.344,8.40921,8.41044,1.00,1.00
2017.12.20 20:19:17.651,8.40901,8.41022,1.00,1.00
2017.12.20 20:19:23.513,8.40914,8.41037,1.00,1.00
2017.12.20 20:19:33.275,8.40898,8.4102,1.00,1.00
2017.12.20 20:19:33.691,8.40883,8.41006,1.00,1.00
2017.12.20 20:19:40.968,8.40868,8.40989,1.00,1.00
2017.12.20 20:19:41.069,8.40853,8.40976,1.25,1.00
2017.12.20 20:19:41.683,8.40853,8.40976,1.19,1.00
2017.12.20 20:19:42.341,8.40853,8.40976,1.25,1.00
2017.12.20 20:19:45.502,8.40839,8.40962,1.00,1.00
2017.12.20 20:19:46.568,8.40825,8.40948,1.00,1.00
2017.12.20 20:19:46.946,8.40839,8.40962,1.00,1.00
2017.12.20 20:19:52.449,8.40819,8.40942,1.00,1.00
2017.12.20 20:19:52.913,8.40796,8.40916,1.00,1.00
2017.12.20 20:19:53.018,8.40812,8.40933,1.00,1.00
2017.12.20 20:19:54.756,8.40827,8.40947,1.00,1.00
2017.12.20 20:19:54.859,8.4084,8.40963,1.00,1.00
2017.12.20 20:19:58.963,8.40854,8.40977,1.00,1.00
2017.12.20 20:20:00.201,8.40833,8.40956,1.00,1.00
2017.12.20 20:20:02.369,8.40812,8.40934,1.00,1.00
2017.12.20 20:20:05.726,8.4079,8.40913,1.00,1.00
2017.12.20 20:20:05.929,8.40807,8.4093,1.00,1.00
2017.12.20 20:20:06.235,8.40842,8.40965,1.00,1.00
2017.12.20 20:20:07.086,8.40856,8.40979,1.00,1.00
2017.12.20 20:20:07.392,8.40842,8.40965,1.00,1.00
2017.12.20 20:20:16.355,8.40858,8.40981,1.00,1.00
2017.12.20 20:20:16.941,8.40872,8.40995,1.00,1.00
2017.12.20 20:20:22.075,8.40856,8.40979,1.00,1.00
2017.12.20 20:20:24.757,8.40831,8.40954,1.00,1.00
2017.12.20 20:20:28.611,8.40817,8.4094,1.00,1.00
2017.12.20 20:20:28.991,8.40789,8.40912,1.00,1.00
2017.12.20 20:20:29.310,8.40817,8.4094,1.00,1.00
2017.12.20 20:20:42.692,8.40824,8.4094,1.00,1.00
2017.12.20 20:20:42.821,8.40835,8.40958,1.00,1.00
2017.12.20 20:20:42.872,8.40794,8.40917,1.00,1.00
2017.12.20 20:20:43.178,8.40812,8.40935,1.00,1.00
2017.12.20 20:20:51.917,8.40781,8.40904,1.00,1.00
2017.12.20 20:20:52.222,8.40773,8.40896,1.00,1.00
2017.12.20 20:20:56.055,8.40793,8.40916,1.00,1.00
2017.12.20 20:20:56.532,8.4078,8.40901,1.00,1.00
2017.12.20 20:20:58.063,8.40757,8.4088,1.00,1.00
2017.12.20 20:21:05.752,8.40738,8.40861,1.00,1.00
2017.12.20 20:21:07.850,8.40708,8.40831,1.00,1.00
2017.12.20 20:21:26.024,8.40713,8.40836,1.00,1.00
2017.12.20 20:21:28.039,8.40744,8.40867,1.00,1.00
2017.12.20 20:21:28.360,8.40766,8.40887,1.00,1.00
2017.12.20 20:21:38.290,8.40743,8.40866,1.00,1.00
2017.12.20 20:21:54.657,8.40748,8.40868,1.00,1.00
2017.12.20 20:22:12.263,8.40754,8.40876,1.00,1.00
2017.12.20 20:22:24.806,8.40737,8.4086,1.00,1.00
2017.12.20 20:22:24.857,8.40754,8.40876,1.00,1.00
2017.12.20 20:22:35.287,8.40758,8.40876,1.00,1.00
2017.12.20 20:22:35.391,8.40775,8.40898,1.00,1.00
2017.12.20 20:22:36.049,8.40762,8.40883,1.00,1.00
2017.12.20 20:22:52.212,8.40756,8.40877,1.00,1.00
2017.12.20 20:23:06.287,8.40735,8.40856,1.00,1.00
2017.12.20 20:23:06.491,8.40713,8.40836,1.00,1.00
2017.12.20 20:23:26.067,8.40714,8.40837,1.00,1.00
2017.12.20 20:23:40.144,8.40694,8.40815,1.00,1.00
2017.12.20 20:23:51.310,8.40707,8.4083,1.00,1.00
2017.12.20 20:24:07.815,8.40692,8.40815,1.00,1.00
2017.12.20 20:24:19.045,8.40662,8.40784,1.00,1.00
2017.12.20 20:24:32.100,8.40639,8.40762,1.00,1.00
2017.12.20 20:24:50.513,8.40642,8.40762,1.00,1.00
2017.12.20 20:24:50.564,8.40649,8.40772,1.00,1.00
2017.12.20 20:24:50.768,8.40652,8.40772,1.00,1.00
2017.12.20 20:24:50.819,8.40649,8.40772,1.50,1.00
2017.12.20 20:24:50.871,8.40654,8.40772,1.00,1.00
2017.12.20 20:24:51.463,8.40656,8.40772,1.00,1.00
2017.12.20 20:24:55.329,8.40649,8.40772,1.50,1.00
2017.12.20 20:25:00.350,8.40626,8.40747,1.00,1.00
2017.12.20 20:25:00.743,8.4063,8.40747,1.00,1.00
2017.12.20 20:25:01.275,8.40626,8.40747,1.50,1.00
2017.12.20 20:25:02.577,8.4063,8.40747,1.00,1.00
2017.12.20 20:25:02.887,8.40627,8.40747,1.00,1.00
2017.12.20 20:25:03.669,8.40626,8.40747,1.00,1.00
2017.12.20 20:25:09.171,8.40624,8.40747,1.00,1.00
2017.12.20 20:25:10.033,8.4061,8.40733,1.19,1.00
2017.12.20 20:25:10.639,8.4061,8.40733,1.19,1.00
2017.12.20 20:25:11.713,8.40614,8.40733,1.00,1.00
2017.12.20 20:25:13.213,8.40624,8.40746,1.00,1.00
2017.12.20 20:25:16.284,8.40609,8.4073,1.00,1.00
2017.12.20 20:25:16.386,8.40594,8.40717,1.00,1.00
2017.12.20 20:25:16.488,8.40541,8.40664,1.00,1.00
2017.12.20 20:25:16.793,8.4065,8.40772,1.00,1.00
2017.12.20 20:25:16.896,8.40581,8.40704,1.00,1.00
2017.12.20 20:25:16.998,8.40529,8.40652,1.00,1.00
2017.12.20 20:25:17.305,8.40438,8.4056,1.00,1.00
2017.12.20 20:25:17.509,8.4047,8.40593,1.00,1.00
2017.12.20 20:25:31.230,8.40498,8.40621,1.00,1.00
2017.12.20 20:25:31.554,8.40546,8.40669,1.00,1.00
2017.12.20 20:25:31.866,8.40595,8.40718,1.00,1.00
2017.12.20 20:25:33.828,8.40619,8.40742,1.00,1.00
2017.12.20 20:25:34.134,8.40606,8.40727,1.00,1.00
2017.12.20 20:25:34.185,8.40628,8.40751,1.00,1.00
2017.12.20 20:25:37.547,8.40654,8.40776,1.00,1.00
2017.12.20 20:25:37.650,8.40639,8.40762,1.00,1.00
2017.12.20 20:25:39.677,8.40616,8.40737,1.00,1.00
2017.12.20 20:25:54.572,8.40597,8.40717,1.00,1.00
2017.12.20 20:25:54.776,8.40581,8.40704,1.00,1.00
2017.12.20 20:26:06.193,8.40583,8.40704,1.00,1.00
2017.12.20 20:26:06.244,8.4061,8.40733,1.00,1.00
2017.12.20 20:26:23.796,8.4059,8.40713,1.00,1.00
2017.12.20 20:26:29.717,8.40605,8.40727,1.00,1.00
2017.12.20 20:26:30.023,8.40619,8.40741,1.00,1.00
2017.12.20 20:26:30.422,8.40633,8.40756,1.00,1.00
2017.12.20 20:26:36.539,8.40606,8.40729,1.00,1.00
2017.12.20 20:26:36.878,8.40627,8.4075,1.00,1.00
2017.12.20 20:26:37.376,8.40614,8.40735,1.00,1.00
2017.12.20 20:26:48.207,8.40627,8.4075,1.00,1.00
2017.12.20 20:27:04.495,8.40622,8.40744,1.00,1.00
2017.12.20 20:27:05.733,8.40609,8.4073,1.00,1.00
2017.12.20 20:27:05.835,8.40583,8.40706,1.00,1.00
2017.12.20 20:27:05.937,8.40551,8.40674,1.00,1.00
2017.12.20 20:27:06.242,8.4043,8.40551,1.00,1.00
2017.12.20 20:27:10.649,8.40412,8.40535,1.00,1.00
2017.12.20 20:27:10.809,8.40398,8.40521,1.00,1.00
2017.12.20 20:27:12.770,8.40432,8.40555,1.00,1.00
2017.12.20 20:27:13.074,8.40449,8.40572,1.00,1.00
2017.12.20 20:27:16.311,8.40473,8.40596,1.00,1.00
2017.12.20 20:27:17.820,8.40446,8.40567,1.00,1.00
2017.12.20 20:27:20.786,8.40459,8.40582,1.00,1.00
2017.12.20 20:27:24.241,8.40445,8.40568,1.00,1.00
2017.12.20 20:27:33.567,8.40424,8.40547,1.00,1.00
2017.12.20 20:27:37.394,8.40403,8.40525,1.00,1.00
2017.12.20 20:28:06.086,8.40412,8.40532,1.00,1.00
2017.12.20 20:28:10.553,8.40396,8.40519,1.00,1.00
2017.12.20 20:28:13.908,8.40421,8.40544,1.00,1.00
2017.12.20 20:28:14.213,8.40535,8.40656,1.00,1.00
2017.12.20 20:28:14.315,8.4056,8.40683,1.00,1.00
2017.12.20 20:28:14.417,8.40588,8.40708,1.00,1.00
2017.12.20 20:28:16.497,8.40601,8.40724,1.00,1.00
2017.12.20 20:28:21.341,8.40615,8.40738,1.00,1.00
2017.12.20 20:28:22.070,8.40636,8.40759,1.00,1.00
2017.12.20 20:28:23.165,8.4065,8.40773,1.00,1.00
2017.12.20 20:28:27.210,8.40629,8.40752,1.00,1.00
2017.12.20 20:28:27.743,8.4063,8.40751,1.00,1.00
2017.12.20 20:28:33.288,8.40655,8.40778,1.00,1.00
2017.12.20 20:28:33.559,8.40641,8.40764,1.00,1.00
2017.12.20 20:28:44.379,8.40627,8.4075,1.00,1.00
2017.12.20 20:28:46.261,8.40613,8.40736,1.00,1.00
2017.12.20 20:29:06.086,8.40609,8.40732,1.00,1.00
2017.12.20 20:29:16.724,8.40594,8.40717,1.00,1.00
2017.12.20 20:29:29.499,8.40615,8.40738,1.00,1.00
2017.12.20 20:29:34.688,8.40599,8.4072,1.00,1.00
2017.12.20 20:29:52.266,8.40612,8.40733,1.00,1.00
2017.12.20 20:29:59.972,8.40567,8.4069,1.00,1.00
2017.12.20 20:30:00.205,8.40531,8.40653,1.00,1.00
2017.12.20 20:30:07.924,8.40548,8.40671,1.00,1.00
2017.12.20 20:30:08.025,8.40576,8.40698,1.00,1.00
2017.12.20 20:30:08.127,8.4059,8.40713,1.00,1.00
2017.12.20 20:30:08.229,8.40611,8.40734,1.00,1.00
2017.12.20 20:30:10.795,8.40583,8.40705,1.00,1.00
2017.12.20 20:30:19.294,8.40598,8.40721,1.00,1.00
2017.12.20 20:30:20.551,8.40584,8.40707,1.00,1.00
2017.12.20 20:30:46.030,8.40577,8.407,1.00,1.00
2017.12.20 20:30:52.099,8.40598,8.40721,1.00,1.00
2017.12.20 20:30:59.320,8.40583,8.40706,1.00,1.00
2017.12.20 20:30:59.709,8.40569,8.40692,1.00,1.00
2017.12.20 20:31:12.269,8.40555,8.40678,1.00,1.00
2017.12.20 20:31:26.082,8.40569,8.40692,1.00,1.00
2017.12.20 20:31:37.944,8.40547,8.4067,1.00,1.00
2017.12.20 20:31:38.250,8.40498,8.40621,1.00,1.00
2017.12.20 20:31:49.469,8.40517,8.4064,1.00,1.00
2017.12.20 20:32:03.150,8.4052,8.4064,1.00,1.00
2017.12.20 20:32:03.201,8.40539,8.4066,1.00,1.00
2017.12.20 20:32:03.303,8.40554,8.40677,1.00,1.00
2017.12.20 20:32:03.405,8.4058,8.40696,1.00,1.00
2017.12.20 20:32:03.709,8.40625,8.40722,1.00,1.00
2017.12.20 20:32:04.026,8.40665,8.40758,1.00,1.00
2017.12.20 20:32:04.340,8.40668,8.40781,1.00,1.00
2017.12.20 20:32:04.391,8.40676,8.40781,1.00,1.00
2017.12.20 20:32:04.494,8.40662,8.40781,1.00,1.00
2017.12.20 20:32:04.545,8.40673,8.40781,1.00,1.00
2017.12.20 20:32:04.597,8.40662,8.40781,1.00,1.00
2017.12.20 20:32:04.802,8.4066,8.40781,1.00,1.00
2017.12.20 20:32:04.904,8.40643,8.40766,1.00,1.00
2017.12.20 20:32:08.107,8.40627,8.40748,1.00,1.00
2017.12.20 20:32:08.418,8.40538,8.4066,1.00,1.00
2017.12.20 20:32:08.470,8.40506,8.40627,1.00,1.00
2017.12.20 20:32:08.572,8.40475,8.40598,1.00,1.00
2017.12.20 20:32:08.674,8.40446,8.40569,1.00,1.00
2017.12.20 20:32:08.979,8.40401,8.40524,1.00,1.00
2017.12.20 20:32:09.284,8.40356,8.40479,1.00,1.00
2017.12.20 20:32:09.622,8.40371,8.40492,1.00,1.00
2017.12.20 20:32:11.883,8.40353,8.40476,1.00,1.00
2017.12.20 20:32:12.226,8.40333,8.40455,1.50,1.00
2017.12.20 20:32:14.453,8.40332,8.40437,1.00,1.00
2017.12.20 20:32:15.602,8.40332,8.40451,1.00,1.00
2017.12.20 20:32:16.417,8.40328,8.40451,1.19,1.00
2017.12.20 20:32:17.214,8.40328,8.40451,1.19,1.00
2017.12.20 20:32:17.955,8.40343,8.40464,1.00,1.00
2017.12.20 20:32:18.057,8.40356,8.40479,1.00,1.00
2017.12.20 20:32:19.645,8.4037,8.40493,1.00,1.00
2017.12.20 20:32:20.019,8.40353,8.40476,1.00,1.00
2017.12.20 20:32:24.555,8.4033,8.40453,1.00,1.00
2017.12.20 20:32:26.143,8.40352,8.40473,1.00,1.00
2017.12.20 20:32:26.448,8.40444,8.40567,1.00,1.00
2017.12.20 20:32:26.550,8.40477,8.406,1.00,1.00
2017.12.20 20:32:26.859,8.40592,8.40715,1.00,1.00
2017.12.20 20:32:27.261,8.40685,8.40806,1.00,1.00
2017.12.20 20:32:28.229,8.40718,8.40841,1.00,1.00
2017.12.20 20:32:29.677,8.40697,8.40819,1.00,1.00
2017.12.20 20:32:38.706,8.40679,8.40802,1.00,1.00
2017.12.20 20:32:43.128,8.40701,8.40824,1.00,1.00
2017.12.20 20:32:43.433,8.40672,8.40795,1.00,1.00
2017.12.20 20:32:48.356,8.40687,8.40809,1.00,1.00
2017.12.20 20:32:50.939,8.40672,8.40794,1.00,1.00
2017.12.20 20:32:50.991,8.4065,8.40773,1.00,1.00
2017.12.20 20:32:51.195,8.40672,8.40794,1.00,1.00
2017.12.20 20:32:51.296,8.40657,8.4078,1.00,1.00
2017.12.20 20:32:53.790,8.40673,8.40796,1.00,1.00
2017.12.20 20:33:03.324,8.40658,8.40781,1.00,1.00
2017.12.20 20:33:03.679,8.40623,8.40744,1.00,1.00
2017.12.20 20:33:12.220,8.40608,8.4073,1.00,1.00
2017.12.20 20:33:26.041,8.40623,8.40744,1.00,1.00
2017.12.20 20:33:28.512,8.40608,8.4073,1.00,1.00
2017.12.20 20:33:29.897,8.40608,8.40705,1.00,1.00
2017.12.20 20:33:29.949,8.40564,8.40687,1.00,1.00
2017.12.20 20:33:30.093,8.40456,8.40573,1.00,1.00
2017.12.20 20:33:30.145,8.40389,8.40512,1.00,1.00
2017.12.20 20:33:30.196,8.40389,8.4051,1.00,1.00
2017.12.20 20:33:30.533,8.40324,8.40443,1.64,1.00
2017.12.20 20:33:30.822,8.4032,8.40443,1.00,1.00
2017.12.20 20:33:30.873,8.40298,8.40421,1.25,1.00
2017.12.20 20:33:32.218,8.40284,8.40407,1.64,1.00
2017.12.20 20:33:43.278,8.40279,8.40393,1.64,1.00
2017.12.20 20:33:43.380,8.40296,8.40419,1.41,1.00
2017.12.20 20:33:43.815,8.40279,8.40402,1.64,1.00
2017.12.20 20:33:46.034,8.40279,8.40402,1.64,1.00
2017.12.20 20:33:46.964,8.40279,8.40402,1.41,1.00
2017.12.20 20:33:47.524,8.40279,8.40402,1.41,1.00
2017.12.20 20:33:48.072,8.40385,8.40481,1.00,1.38
2017.12.20 20:33:48.123,8.40385,8.40506,1.00,1.00
2017.12.20 20:33:48.225,8.40368,8.40491,1.00,1.00
2017.12.20 20:33:48.277,8.40368,8.4046,1.00,1.00
2017.12.20 20:33:48.328,8.40296,8.40413,1.41,1.00
2017.12.20 20:33:56.420,8.40266,8.40388,1.41,1.00
2017.12.20 20:33:57.332,8.40266,8.40388,1.91,1.00
2017.12.20 20:33:57.851,8.40299,8.4042,1.00,1.00
2017.12.20 20:34:03.829,8.40278,8.40401,1.45,1.00
2017.12.20 20:34:04.247,8.40293,8.40415,1.22,1.00
2017.12.20 20:34:04.768,8.40293,8.40415,1.41,1.00
2017.12.20 20:34:04.870,8.4031,8.40433,1.00,1.00
2017.12.20 20:34:11.856,8.40296,8.40419,1.41,1.00
2017.12.20 20:34:12.403,8.40299,8.40419,1.00,1.00
2017.12.20 20:34:20.907,8.40296,8.40419,1.41,1.00
2017.12.20 20:34:21.275,8.40271,8.40392,1.41,1.00
2017.12.20 20:34:25.281,8.40263,8.40375,1.41,1.00
2017.12.20 20:34:25.382,8.40278,8.40401,1.41,1.00
2017.12.20 20:34:25.944,8.40278,8.40401,1.41,1.00
2017.12.20 20:34:26.523,8.40278,8.40401,1.71,1.00
2017.12.20 20:34:26.858,8.40261,8.40382,1.64,1.00
2017.12.20 20:34:27.314,8.4028,8.404,1.64,1.00
2017.12.20 20:34:27.924,8.40251,8.4037,1.64,1.00
2017.12.20 20:34:28.128,8.40274,8.40396,1.64,1.00
2017.12.20 20:34:28.331,8.40257,8.40361,1.01,1.00
2017.12.20 20:34:28.433,8.40267,8.40379,1.01,1.00
2017.12.20 20:34:28.636,8.40278,8.40401,1.71,1.00
2017.12.20 20:34:28.941,8.40267,8.40377,1.01,1.00
2017.12.20 20:34:29.247,8.40276,8.40392,1.01,1.00
2017.12.20 20:34:29.858,8.40284,8.40405,1.41,1.00
2017.12.20 20:34:29.960,8.40266,8.4038,1.76,1.00
2017.12.20 20:34:30.278,8.40266,8.40365,1.01,1.00
2017.12.20 20:34:30.431,8.40277,8.40392,1.01,1.00
2017.12.20 20:34:30.988,8.40271,8.40392,1.64,1.00
2017.12.20 20:34:31.039,8.40266,8.40377,1.01,1.00
2017.12.20 20:34:31.141,8.40277,8.40391,1.01,1.00
2017.12.20 20:34:31.649,8.40283,8.40406,1.41,1.00
2017.12.20 20:34:32.054,8.40277,8.40371,1.01,1.00
2017.12.20 20:34:32.156,8.40275,8.40396,1.64,1.00
2017.12.20 20:34:32.257,8.4026,8.40369,1.79,1.00
2017.12.20 20:34:32.562,8.40278,8.40401,1.71,1.00
2017.12.20 20:34:32.663,8.40271,8.40385,1.01,1.00
2017.12.20 20:34:33.200,8.40278,8.40385,1.01,1.00
2017.12.20 20:34:33.251,8.40286,8.40402,1.01,1.00
2017.12.20 20:34:33.454,8.40276,8.40378,1.01,1.00
2017.12.20 20:34:33.657,8.40279,8.40401,1.41,1.00
2017.12.20 20:34:34.264,8.40266,8.40385,1.01,1.00
2017.12.20 20:34:34.863,8.40276,8.40385,1.01,1.00
2017.12.20 20:34:35.179,8.40258,8.40369,1.01,1.00
2017.12.20 20:34:35.798,8.40258,8.40369,1.01,1.00
2017.12.20 20:34:36.120,8.40261,8.40382,1.64,1.00
2017.12.20 20:34:38.545,8.40261,8.40382,1.00,1.00
2017.12.20 20:34:38.596,8.40242,8.40362,1.25,1.00
2017.12.20 20:34:38.698,8.40184,8.40305,1.00,1.00
2017.12.20 20:34:38.800,8.40141,8.40262,1.00,1.00
2017.12.20 20:34:39.079,8.40075,8.40198,1.00,1.00
2017.12.20 20:34:39.251,8.40029,8.40152,1.00,1.00
2017.12.20 20:34:39.581,8.39999,8.40122,1.00,1.00
2017.12.20 20:34:43.245,8.39985,8.40108,1.00,1.00
2017.12.20 20:34:48.033,8.39966,8.40086,1.41,1.00
2017.12.20 20:34:49.811,8.39956,8.40074,1.00,1.00
2017.12.20 20:34:49.863,8.39951,8.40074,1.00,1.00
2017.12.20 20:34:51.690,8.39965,8.40087,1.00,1.00
2017.12.20 20:34:52.270,8.39979,8.401,1.00,1.00
2017.12.20 20:34:52.760,8.39965,8.4008,1.00,1.00
2017.12.20 20:34:52.985,8.39976,8.40096,1.00,1.00
2017.12.20 20:35:10.485,8.39988,8.40109,1.00,1.00
2017.12.20 20:35:22.940,8.40005,8.40128,1.00,1.00
2017.12.20 20:35:24.353,8.40029,8.40143,1.00,1.00
2017.12.20 20:35:24.404,8.4002,8.40143,1.00,1.00
2017.12.20 20:35:30.239,8.40003,8.40125,1.00,1.00
2017.12.20 20:35:30.341,8.40017,8.4014,1.00,1.00
2017.12.20 20:35:35.802,8.39998,8.40121,1.00,1.00
2017.12.20 20:35:36.157,8.40017,8.40139,1.00,1.00
2017.12.20 20:35:38.615,8.39988,8.40111,1.00,1.00
2017.12.20 20:35:38.716,8.39961,8.40084,1.00,1.00
2017.12.20 20:35:40.881,8.39947,8.4007,1.00,1.00
2017.12.20 20:35:41.205,8.3992,8.4004,1.00,1.00
2017.12.20 20:35:44.690,8.39943,8.40065,1.00,1.00
2017.12.20 20:35:44.741,8.3995,8.40065,1.00,1.00
2017.12.20 20:35:44.793,8.39987,8.4011,1.00,1.00
2017.12.20 20:35:45.389,8.39993,8.4011,1.00,1.00
2017.12.20 20:35:45.878,8.40011,8.40134,1.00,1.00
2017.12.20 20:35:53.879,8.39995,8.40118,1.00,1.00
2017.12.20 20:36:12.326,8.39976,8.40099,1.00,1.00
2017.12.20 20:36:15.180,8.39962,8.40084,1.00,1.00
2017.12.20 20:36:16.555,8.39934,8.40055,1.00,1.00
2017.12.20 20:36:21.678,8.39948,8.4007,1.00,1.00
2017.12.20 20:36:21.780,8.39969,8.40092,1.00,1.00
2017.12.20 20:36:22.143,8.39956,8.40076,1.00,1.00
2017.12.20 20:36:22.244,8.3997,8.40091,1.00,1.00
2017.12.20 20:36:31.568,8.3999,8.40112,1.00,1.00
2017.12.20 20:36:33.257,8.3999,8.40113,1.00,1.00
2017.12.20 20:36:40.712,8.3999,8.4011,1.00,1.00
2017.12.20 20:36:40.763,8.39968,8.40089,1.00,1.00
2017.12.20 20:36:41.903,8.39981,8.40104,1.00,1.00
2017.12.20 20:36:44.375,8.39956,8.40079,1.00,1.00
2017.12.20 20:36:49.430,8.39978,8.40101,1.00,1.00
2017.12.20 20:36:56.764,8.39979,8.40101,1.00,1.00
2017.12.20 20:37:00.784,8.39984,8.40101,1.00,1.00
2017.12.20 20:37:04.648,8.39995,8.40101,1.00,1.00
2017.12.20 20:37:04.700,8.40002,8.40124,1.00,1.00
2017.12.20 20:37:04.759,8.4001,8.40124,1.00,1.00
2017.12.20 20:37:04.860,8.40022,8.40142,1.00,1.00
2017.12.20 20:37:05.021,8.4001,8.40126,1.00,1.00
2017.12.20 20:37:05.243,8.40005,8.40126,1.00,1.00
2017.12.20 20:37:19.398,8.4002,8.40143,1.00,1.00
2017.12.20 20:37:19.607,8.40006,8.40129,1.00,1.00
2017.12.20 20:37:22.119,8.39992,8.40115,1.00,1.00
2017.12.20 20:37:22.548,8.3998,8.401,1.00,1.00
2017.12.20 20:37:23.132,8.39978,8.401,1.00,1.00
2017.12.20 20:37:23.235,8.39951,8.40063,1.00,1.00
2017.12.20 20:37:23.338,8.39957,8.40078,1.00,1.00
2017.12.20 20:37:25.115,8.39971,8.40093,1.00,1.00
2017.12.20 20:37:25.166,8.39973,8.40093,1.00,1.00
2017.12.20 20:37:25.218,8.39971,8.40093,1.00,1.00
2017.12.20 20:37:30.012,8.39972,8.40093,1.00,1.00
2017.12.20 20:37:30.124,8.39986,8.40093,1.00,1.00
2017.12.20 20:37:30.226,8.39991,8.4011,1.00,1.00
2017.12.20 20:37:31.117,8.39992,8.4011,1.00,1.00
2017.12.20 20:37:37.239,8.4,8.4011,1.00,1.00
2017.12.20 20:37:37.290,8.40011,8.40133,1.00,1.00
2017.12.20 20:37:43.202,8.40014,8.40133,1.00,1.00
2017.12.20 20:37:43.586,8.4002,8.40133,1.00,1.00
2017.12.20 20:37:43.688,8.40033,8.40151,1.00,1.00
2017.12.20 20:37:43.740,8.40028,8.40151,1.00,1.00
2017.12.20 20:37:43.791,8.40019,8.40135,1.00,1.00
2017.12.20 20:37:43.935,8.40014,8.40135,1.00,1.00
2017.12.20 20:37:43.986,8.40012,8.40135,1.00,1.00
2017.12.20 20:37:44.515,8.39998,8.40119,1.00,1.00
2017.12.20 20:37:50.225,8.3998,8.40102,1.67,1.00
2017.12.20 20:37:50.674,8.3998,8.40102,1.00,1.00
2017.12.20 20:37:51.678,8.39975,8.40086,1.00,1.00
2017.12.20 20:37:51.729,8.39966,8.40086,1.00,1.00
2017.12.20 20:37:52.730,8.3997,8.40086,1.00,1.00
2017.12.20 20:37:52.781,8.39967,8.40086,1.00,1.00
2017.12.20 20:37:52.886,8.39963,8.40086,1.00,1.00
2017.12.20 20:37:53.009,8.39966,8.40086,1.00,1.00
2017.12.20 20:37:56.884,8.39963,8.40086,1.50,1.00
2017.12.20 20:38:00.054,8.39964,8.40086,1.00,1.00
2017.12.20 20:38:02.916,8.39963,8.40086,1.00,1.00
2017.12.20 20:38:08.499,8.39965,8.40086,1.00,1.00
2017.12.20 20:38:08.804,8.39939,8.40048,1.00,1.00
2017.12.20 20:38:08.855,8.39927,8.40048,1.00,1.00
2017.12.20 20:38:08.906,8.39877,8.39982,1.67,1.00
2017.12.20 20:38:08.957,8.39859,8.39982,1.67,1.00
2017.12.20 20:38:09.008,8.39838,8.39929,1.09,1.00
2017.12.20 20:38:09.364,8.39839,8.39947,1.09,1.00
2017.12.20 20:38:09.868,8.39829,8.39947,1.64,1.00
2017.12.20 20:38:10.585,8.3984,8.39947,1.09,1.00
2017.12.20 20:38:14.308,8.3984,8.3993,1.09,1.00
2017.12.20 20:38:15.410,8.39837,8.3993,1.12,1.00
2017.12.20 20:38:15.958,8.3984,8.3993,1.09,1.00
2017.12.20 20:38:22.074,8.3984,8.39905,1.09,1.00
2017.12.20 20:38:22.176,8.3984,8.39928,1.09,1.00
2017.12.20 20:38:24.965,8.3984,8.39946,1.09,1.00
2017.12.20 20:38:29.673,8.39828,8.39929,1.31,1.00
2017.12.20 20:38:33.197,8.39847,8.39929,1.09,1.00
2017.12.20 20:38:33.299,8.39827,8.39929,1.31,1.00
2017.12.20 20:38:35.207,8.39827,8.39929,1.31,1.00
2017.12.20 20:38:35.810,8.39842,8.39929,1.09,1.00
2017.12.20 20:38:38.782,8.39842,8.39948,1.09,1.00
2017.12.20 20:38:38.834,8.39802,8.39923,1.79,1.00
2017.12.20 20:38:39.140,8.39791,8.39899,1.31,1.00
2017.12.20 20:38:39.268,8.39815,8.39917,1.24,1.00
2017.12.20 20:38:41.460,8.39816,8.39917,1.24,1.00
2017.12.20 20:38:42.558,8.39816,8.39917,1.24,1.00
2017.12.20 20:38:43.923,8.39816,8.39939,1.99,1.00
2017.12.20 20:38:44.273,8.3984,8.39957,1.01,1.00
2017.12.20 20:38:45.213,8.39834,8.39957,1.64,1.00
2017.12.20 20:38:46.828,8.39834,8.39957,1.64,1.00
2017.12.20 20:38:47.536,8.39834,8.39957,1.64,1.00
2017.12.20 20:38:48.627,8.39834,8.39957,1.64,1.00
2017.12.20 20:39:06.023,8.39823,8.39944,1.24,1.00
2017.12.20 20:39:07.364,8.39804,8.39927,1.00,1.00
2017.12.20 20:39:07.416,8.39804,8.39906,1.00,1.00
2017.12.20 20:39:07.467,8.39736,8.39859,1.00,1.00
2017.12.20 20:39:07.519,8.39736,8.39852,1.00,1.00
2017.12.20 20:39:07.570,8.39683,8.39804,1.00,1.00
2017.12.20 20:39:07.621,8.39683,8.39795,1.00,1.00
2017.12.20 20:39:07.672,8.39615,8.39738,1.00,1.00
2017.12.20 20:39:09.050,8.39595,8.39716,1.00,1.00
2017.12.20 20:39:12.291,8.3963,8.39751,1.00,1.00
2017.12.20 20:39:14.533,8.39615,8.39738,1.00,1.00
2017.12.20 20:39:21.173,8.39632,8.39755,1.00,1.00
2017.12.20 20:39:21.622,8.39646,8.39769,1.00,1.00
2017.12.20 20:39:23.858,8.39735,8.39813,1.25,1.00
2017.12.20 20:39:23.961,8.39824,8.39945,1.00,1.00
2017.12.20 20:39:24.215,8.39841,8.39964,1.00,1.00
2017.12.20 20:39:26.160,8.3986,8.39981,1.00,1.00
2017.12.20 20:39:34.243,8.39836,8.39959,1.00,1.00
2017.12.20 20:39:37.357,8.39851,8.39973,1.00,1.00
2017.12.20 20:39:39.211,8.39835,8.39957,1.00,1.00
2017.12.20 20:39:39.562,8.39859,8.39982,1.00,1.00
2017.12.20 20:39:44.316,8.39845,8.39967,1.00,1.00
2017.12.20 20:39:48.314,8.39859,8.39982,1.00,1.00
2017.12.20 20:39:51.817,8.39845,8.39967,1.00,1.00
2017.12.20 20:40:00.736,8.39826,8.39946,1.00,1.00
2017.12.20 20:40:04.523,8.39843,8.39966,1.00,1.00
2017.12.20 20:40:04.574,8.39871,8.39994,1.00,1.00
2017.12.20 20:40:04.895,8.39857,8.3998,1.00,1.00
2017.12.20 20:40:05.200,8.39829,8.3995,1.00,1.00
2017.12.20 20:40:05.708,8.39842,8.39965,1.00,1.00
2017.12.20 20:40:06.597,8.39828,8.39951,1.00,1.00
2017.12.20 20:40:08.636,8.39842,8.39965,1.00,1.00
2017.12.20 20:40:09.735,8.39856,8.39979,1.00,1.00
2017.12.20 20:40:17.738,8.39871,8.39994,1.00,1.00
2017.12.20 20:40:24.652,8.39858,8.39979,1.00,1.00
2017.12.20 20:40:24.960,8.39868,8.3998,1.00,1.00
2017.12.20 20:40:25.062,8.39843,8.39966,1.00,1.00
2017.12.20 20:40:26.243,8.39849,8.39966,1.00,1.00
2017.12.20 20:40:26.563,8.39843,8.39966,1.00,1.00
2017.12.20 20:40:39.327,8.39821,8.39944,1.00,1.00
2017.12.20 20:40:57.526,8.39839,8.39959,1.00,1.00
2017.12.20 20:41:08.717,8.39852,8.39975,1.00,1.00
2017.12.20 20:41:08.873,8.39866,8.39989,1.00,1.00
2017.12.20 20:41:09.414,8.39839,8.39962,1.00,1.00
2017.12.20 20:41:14.296,8.3986,8.39981,1.00,1.00
2017.12.20 20:41:18.140,8.39831,8.39954,1.00,1.00
2017.12.20 20:41:19.137,8.39833,8.39954,1.00,1.00
2017.12.20 20:41:19.321,8.39852,8.39975,1.00,1.00
2017.12.20 20:41:29.539,8.39832,8.39953,1.00,1.00
2017.12.20 20:41:41.665,8.39813,8.39936,1.00,1.00
2017.12.20 20:41:41.767,8.39792,8.39915,1.00,1.00
2017.12.20 20:41:47.709,8.39806,8.39929,1.00,1.00
2017.12.20 20:41:52.317,8.39838,8.39961,1.00,1.00
2017.12.20 20:41:53.252,8.39824,8.39947,1.00,1.00
2017.12.20 20:41:53.817,8.39838,8.39961,1.00,1.00
2017.12.20 20:41:54.162,8.39821,8.39944,1.00,1.00
2017.12.20 20:42:05.245,8.39842,8.39965,1.00,1.00
2017.12.20 20:42:05.670,8.39828,8.39951,1.00,1.00
2017.12.20 20:42:06.200,8.39843,8.39964,1.00,1.00
2017.12.20 20:42:06.368,8.39828,8.39951,1.00,1.00
2017.12.20 20:42:09.545,8.39806,8.39929,1.00,1.00
2017.12.20 20:42:09.900,8.39792,8.39913,1.00,1.00
2017.12.20 20:42:11.751,8.39805,8.39928,1.00,1.00
2017.12.20 20:42:13.269,8.39822,8.39945,1.00,1.00
2017.12.20 20:42:14.759,8.39808,8.39931,1.00,1.00
2017.12.20 20:42:15.911,8.39794,8.39916,1.00,1.00
2017.12.20 20:42:23.414,8.39808,8.39931,1.00,1.00
2017.12.20 20:42:24.802,8.39826,8.39947,1.00,1.00
2017.12.20 20:42:25.107,8.39942,8.40064,1.00,1.00
2017.12.20 20:42:25.158,8.3995,8.40064,1.00,1.00
2017.12.20 20:42:25.209,8.39988,8.40111,1.00,1.00
2017.12.20 20:42:25.311,8.4003,8.40151,1.00,1.00
2017.12.20 20:42:25.413,8.40077,8.402,1.00,1.00
2017.12.20 20:42:25.515,8.40107,8.4023,1.00,1.00
2017.12.20 20:42:25.859,8.40241,8.40361,1.00,1.00
2017.12.20 20:42:25.910,8.40267,8.40389,1.00,1.00
2017.12.20 20:42:26.012,8.40312,8.40435,1.00,1.00
2017.12.20 20:42:26.216,8.40352,8.40475,1.00,1.00
2017.12.20 20:42:26.520,8.40402,8.40523,1.00,1.00
2017.12.20 20:42:26.673,8.40417,8.4054,1.00,1.00
2017.12.20 20:42:26.876,8.40452,8.40575,1.00,1.00
2017.12.20 20:42:27.204,8.4048,8.40603,1.00,1.00
2017.12.20 20:42:29.534,8.405,8.40626,1.00,1.00
2017.12.20 20:42:32.210,8.40511,8.40642,1.00,1.00
2017.12.20 20:42:33.079,8.40497,8.40628,1.00,1.00
2017.12.20 20:42:33.404,8.40512,8.40641,1.00,1.00
2017.12.20 20:42:39.540,8.40497,8.40628,1.00,1.00
2017.12.20 20:42:40.544,8.40478,8.40607,1.00,1.00
2017.12.20 20:42:40.595,8.40474,8.40607,1.00,1.00
2017.12.20 20:42:40.647,8.40442,8.40574,1.00,1.00
2017.12.20 20:42:40.989,8.4036,8.40482,1.00,1.00
2017.12.20 20:42:41.293,8.40259,8.40381,1.00,1.00
2017.12.20 20:42:41.497,8.40215,8.40338,1.00,1.00
2017.12.20 20:42:46.022,8.40198,8.40321,1.00,1.00
2017.12.20 20:43:05.126,8.40185,8.40308,1.00,1.00
2017.12.20 20:43:05.448,8.40164,8.40285,1.00,1.00
2017.12.20 20:43:09.652,8.40164,8.40283,1.00,1.00
2017.12.20 20:43:09.703,8.4014,8.40263,1.00,1.00
2017.12.20 20:43:09.755,8.40117,8.4024,1.00,1.00
2017.12.20 20:43:10.062,8.39981,8.40104,1.00,1.00
2017.12.20 20:43:18.926,8.39954,8.40076,1.00,1.00
2017.12.20 20:43:19.273,8.39933,8.40054,1.00,1.00
2017.12.20 20:43:22.662,8.39955,8.40075,1.00,1.00
2017.12.20 20:43:30.515,8.39968,8.40091,1.00,1.00
2017.12.20 20:43:39.763,8.39952,8.4008,1.00,1.00
2017.12.20 20:43:39.865,8.39938,8.40067,1.00,1.00
2017.12.20 20:43:40.000,8.39909,8.40038,1.00,1.00
2017.12.20 20:43:40.305,8.40013,8.40124,1.00,1.00
2017.12.20 20:43:40.407,8.39992,8.40115,1.00,1.00
2017.12.20 20:43:44.982,8.39973,8.40096,1.00,1.00
2017.12.20 20:43:48.541,8.39991,8.40114,1.00,1.00
2017.12.20 20:43:51.404,8.39977,8.401,1.00,1.00
2017.12.20 20:43:51.844,8.39963,8.40086,1.00,1.00
2017.12.20 20:43:56.762,8.39978,8.40101,1.00,1.00
2017.12.20 20:44:08.321,8.39993,8.40115,1.00,1.00
2017.12.20 20:44:08.712,8.39971,8.40094,1.00,1.00
