2017.05.22 17:00:00.337,8.34818,8.34933,1.00,1.00
2017.05.22 17:00:00.711,8.34818,8.34925,1.00,1.00
2017.05.22 17:00:01.511,8.34818,8.3493,1.00,1.00
2017.05.22 17:00:02.046,8.34818,8.34924,1.00,1.00
2017.05.22 17:00:02.148,8.34798,8.34926,1.50,1.00
2017.05.22 17:00:08.139,8.34813,8.34941,1.00,1.00
2017.05.22 17:00:08.443,8.34815,8.34941,1.00,1.00
2017.05.22 17:00:08.494,8.34813,8.34941,1.00,1.00
2017.05.22 17:00:09.016,8.34813,8.34938,1.00,1.00
2017.05.22 17:00:10.833,8.34813,8.34941,1.00,1.00
2017.05.22 17:00:10.885,8.34828,8.34948,1.00,1.00
2017.05.22 17:00:11.038,8.34828,8.34956,1.00,1.50
2017.05.22 17:00:13.277,8.34845,8.34973,1.00,1.50
2017.05.22 17:00:16.452,8.34845,8.34971,1.00,1.00
2017.05.22 17:00:18.440,8.34845,8.34973,1.00,1.50
2017.05.22 17:00:19.174,8.34845,8.34968,1.00,1.00
2017.05.22 17:00:20.403,8.34845,8.34962,1.00,1.00
2017.05.22 17:00:20.660,8.34816,8.34943,1.00,1.00
2017.05.22 17:00:21.378,8.34816,8.3494,1.00,1.00
2017.05.22 17:00:21.521,8.34816,8.34943,1.00,1.00
2017.05.22 17:00:21.572,8.34831,8.34942,1.00,1.00
2017.05.22 17:00:21.674,8.34811,8.34935,1.00,1.00
2017.05.22 17:00:21.725,8.34809,8.34935,1.00,1.00
2017.05.22 17:00:21.777,8.34823,8.34942,1.00,1.00
2017.05.22 17:00:22.567,8.34823,8.34946,1.00,1.00
2017.05.22 17:00:23.966,8.34823,8.34951,1.00,1.50
2017.05.22 17:00:30.492,8.34809,8.34935,1.00,1.00
2017.05.22 17:00:34.318,8.34827,8.34947,1.00,1.00
2017.05.22 17:00:34.730,8.34827,8.34954,1.00,1.50
2017.05.22 17:00:35.598,8.34842,8.34968,1.00,1.00
2017.05.22 17:00:38.996,8.34842,8.34969,1.00,1.50
2017.05.22 17:00:40.936,8.34842,8.34968,1.00,1.00
2017.05.22 17:00:42.622,8.34842,8.34964,1.00,1.00
2017.05.22 17:00:46.561,8.34842,8.34962,1.00,1.00
2017.05.22 17:00:46.921,8.34842,8.34944,1.00,1.00
2017.05.22 17:00:47.022,8.34827,8.34936,1.00,1.00
2017.05.22 17:00:48.485,8.34827,8.34937,1.00,1.00
2017.05.22 17:00:48.874,8.34827,8.34942,1.00,1.00
2017.05.22 17:00:49.831,8.34827,8.34945,1.00,1.00
2017.05.22 17:00:49.933,8.34827,8.34939,1.00,1.00
2017.05.22 17:00:51.220,8.34827,8.3495,1.00,1.00
2017.05.22 17:00:51.572,8.34827,8.3494,1.00,1.00
2017.05.22 17:00:51.884,8.34827,8.3494,1.00,2.28
2017.05.22 17:00:52.036,8.34807,8.34923,1.00,1.00
2017.05.22 17:00:52.087,8.34796,8.34923,1.00,1.00
2017.05.22 17:00:52.438,8.3482,8.34938,1.00,1.00
2017.05.22 17:00:52.946,8.3482,8.34936,1.00,1.00
2017.05.22 17:00:54.075,8.3482,8.34939,1.00,1.00
2017.05.22 17:00:54.195,8.3482,8.34932,1.00,1.00
2017.05.22 17:01:02.787,8.34805,8.34932,1.00,1.50
2017.05.22 17:01:03.425,8.34805,8.34931,1.00,1.00
2017.05.22 17:01:04.323,8.34805,8.34922,1.00,1.00
2017.05.22 17:01:05.364,8.34805,8.3492,1.00,1.00
2017.05.22 17:01:06.326,8.34805,8.34926,1.00,1.00
2017.05.22 17:01:09.045,8.34805,8.34913,1.00,1.00
2017.05.22 17:01:09.097,8.34788,8.34913,1.00,1.00
2017.05.22 17:01:18.914,8.34788,8.34909,1.00,1.00
2017.05.22 17:01:19.266,8.34788,8.34913,1.00,1.00
2017.05.22 17:01:26.124,8.34798,8.34921,1.00,1.00
2017.05.22 17:01:30.067,8.34798,8.34917,1.00,1.00
2017.05.22 17:01:31.939,8.34798,8.34921,1.00,1.00
2017.05.22 17:01:33.555,8.34798,8.3492,1.00,1.00
2017.05.22 17:01:35.431,8.34798,8.34912,1.00,1.00
2017.05.22 17:01:39.115,8.34798,8.34914,1.00,1.00
2017.05.22 17:01:39.912,8.34774,8.34901,1.00,1.00
2017.05.22 17:01:43.015,8.34788,8.34915,1.00,1.50
2017.05.22 17:01:48.571,8.34788,8.34912,1.00,1.00
2017.05.22 17:01:52.639,8.34766,8.34893,1.00,1.00
2017.05.22 17:02:03.599,8.34766,8.34891,1.00,1.00
2017.05.22 17:02:03.650,8.34752,8.34878,1.00,1.00
2017.05.22 17:02:03.752,8.3473,8.34855,1.00,1.00
2017.05.22 17:02:17.333,8.3473,8.34832,1.00,1.00
2017.05.22 17:02:17.384,8.34706,8.34832,1.00,1.00
2017.05.22 17:02:18.460,8.34706,8.34828,1.00,1.00
2017.05.22 17:02:20.950,8.34706,8.34821,1.00,1.00
2017.05.22 17:02:21.001,8.34684,8.34812,1.00,1.00
2017.05.22 17:02:30.169,8.34705,8.34812,1.00,1.00
2017.05.22 17:02:30.329,8.34741,8.34862,1.00,1.00
2017.05.22 17:02:31.224,8.34741,8.34867,1.00,1.00
2017.05.22 17:02:33.661,8.34741,8.34869,1.00,1.50
2017.05.22 17:02:41.717,8.34741,8.34867,1.00,1.00
2017.05.22 17:02:42.827,8.34741,8.34869,1.00,1.00
2017.05.22 17:02:43.844,8.34741,8.34868,1.00,1.00
2017.05.22 17:02:45.567,8.34747,8.34868,1.00,1.00
2017.05.22 17:02:46.129,8.34747,8.34872,1.00,1.00
2017.05.22 17:02:52.563,8.34763,8.34876,1.00,1.00
2017.05.22 17:02:52.614,8.34763,8.34882,1.00,1.00
2017.05.22 17:02:52.876,8.34742,8.3487,1.00,1.00
2017.05.22 17:03:05.537,8.34742,8.34865,1.00,1.00
2017.05.22 17:03:09.343,8.34742,8.34861,1.00,1.00
2017.05.22 17:03:11.499,8.34742,8.34849,1.00,1.00
2017.05.22 17:03:11.598,8.34722,8.34843,1.00,1.00
2017.05.22 17:03:11.660,8.34716,8.34843,1.00,1.00
2017.05.22 17:03:12.526,8.3473,8.34858,1.00,1.50
2017.05.22 17:03:13.108,8.3473,8.34827,1.00,1.00
2017.05.22 17:03:13.356,8.34696,8.34824,1.00,1.00
2017.05.22 17:03:14.143,8.34696,8.34823,1.00,1.00
2017.05.22 17:03:14.894,8.34696,8.34818,1.00,1.00
2017.05.22 17:03:15.993,8.34696,8.34824,1.00,1.00
2017.05.22 17:03:24.044,8.34711,8.34828,1.00,1.00
2017.05.22 17:03:24.250,8.34711,8.34832,1.00,1.00
2017.05.22 17:03:24.405,8.34697,8.34823,1.00,1.00
2017.05.22 17:03:26.257,8.34697,8.34822,1.00,1.00
2017.05.22 17:03:31.367,8.34697,8.34812,1.00,1.00
2017.05.22 17:03:31.469,8.34675,8.348,1.00,1.00
2017.05.22 17:03:31.520,8.34675,8.34798,1.00,1.00
2017.05.22 17:03:31.571,8.34653,8.34779,1.00,1.00
2017.05.22 17:03:31.622,8.34651,8.34779,1.00,1.00
2017.05.22 17:03:31.724,8.34653,8.34779,1.00,1.00
2017.05.22 17:03:32.127,8.34651,8.34779,1.00,1.00
2017.05.22 17:03:32.441,8.34665,8.34792,1.00,1.00
2017.05.22 17:03:35.383,8.34665,8.34788,1.00,1.00
2017.05.22 17:03:35.485,8.34642,8.3477,1.00,1.00
2017.05.22 17:03:37.824,8.34645,8.3477,1.00,1.00
2017.05.22 17:03:37.875,8.34657,8.34785,1.00,1.00
2017.05.22 17:03:38.220,8.34657,8.3478,1.00,1.00
2017.05.22 17:03:38.323,8.34657,8.34785,1.00,1.00
2017.05.22 17:03:38.577,8.34647,8.3477,1.00,1.00
2017.05.22 17:03:38.780,8.34665,8.3479,1.00,1.00
2017.05.22 17:03:42.392,8.34665,8.34788,1.00,1.00
2017.05.22 17:03:47.383,8.34665,8.3479,1.00,1.00
2017.05.22 17:03:47.818,8.34665,8.34782,1.00,1.00
2017.05.22 17:03:49.188,8.34665,8.3479,1.00,1.50
2017.05.22 17:03:51.189,8.34651,8.34777,1.00,1.00
2017.05.22 17:03:53.456,8.34658,8.34777,1.00,1.00
2017.05.22 17:03:54.433,8.3465,8.34777,1.00,1.00
2017.05.22 17:03:58.287,8.3466,8.34777,1.00,1.00
2017.05.22 17:03:58.338,8.34654,8.34777,1.00,1.00
2017.05.22 17:03:58.440,8.3467,8.34798,1.00,1.00
2017.05.22 17:04:00.686,8.3467,8.34797,1.00,1.00
2017.05.22 17:04:01.005,8.34655,8.34782,1.00,1.00
2017.05.22 17:04:25.945,8.3465,8.34778,1.00,1.00
2017.05.22 17:04:30.194,8.3465,8.34777,1.00,1.00
2017.05.22 17:04:39.524,8.3465,8.34778,1.00,1.00
2017.05.22 17:04:41.203,8.34659,8.34784,1.00,1.00
2017.05.22 17:05:02.228,8.34644,8.34772,1.50,1.00
2017.05.22 17:05:08.882,8.3465,8.34772,1.00,1.00
2017.05.22 17:05:08.933,8.34659,8.34787,1.00,1.00
2017.05.22 17:05:09.938,8.34672,8.34787,1.00,1.00
2017.05.22 17:05:10.039,8.34678,8.34801,1.00,1.00
2017.05.22 17:05:10.265,8.3469,8.34815,1.00,1.00
2017.05.22 17:05:14.218,8.3469,8.34814,1.00,1.00
2017.05.22 17:05:17.481,8.3469,8.34804,1.00,1.00
2017.05.22 17:05:17.635,8.34668,8.34796,1.00,1.00
2017.05.22 17:05:31.213,8.34668,8.34794,1.00,1.00
2017.05.22 17:05:31.264,8.34647,8.34781,1.00,1.00
2017.05.22 17:05:32.135,8.34646,8.34781,1.00,1.00
2017.05.22 17:05:33.384,8.34646,8.3478,1.00,1.00
2017.05.22 17:05:33.941,8.34646,8.34781,1.50,1.00
2017.05.22 17:05:36.974,8.34647,8.34781,1.00,1.00
2017.05.22 17:05:39.644,8.34646,8.34781,1.00,1.00
2017.05.22 17:05:43.132,8.34646,8.34779,1.00,1.13
2017.05.22 17:05:43.695,8.34646,8.34779,1.00,1.25
2017.05.22 17:05:44.156,8.34646,8.34758,1.00,1.08
2017.05.22 17:05:44.397,8.34617,8.34745,1.00,1.00
2017.05.22 17:05:44.449,8.34617,8.34745,1.00,1.12
2017.05.22 17:05:44.551,8.34617,8.34745,1.00,1.00
2017.05.22 17:05:44.759,8.34617,8.34743,1.00,1.00
2017.05.22 17:05:45.517,8.34617,8.34745,1.00,1.00
2017.05.22 17:05:48.407,8.34602,8.34737,1.00,1.00
2017.05.22 17:05:48.713,8.34602,8.34729,1.00,1.08
2017.05.22 17:05:49.663,8.34602,8.34724,1.00,1.98
2017.05.22 17:05:50.027,8.34602,8.34708,1.00,1.44
2017.05.22 17:05:50.814,8.34608,8.34708,1.00,1.56
2017.05.22 17:05:50.865,8.34602,8.34708,1.00,1.56
2017.05.22 17:05:50.916,8.34616,8.34708,1.00,1.56
2017.05.22 17:05:50.968,8.34632,8.34758,1.00,1.00
2017.05.22 17:05:51.070,8.34646,8.34758,1.00,1.00
2017.05.22 17:05:51.121,8.34646,8.34775,1.00,1.00
2017.05.22 17:05:51.222,8.34656,8.34789,1.00,1.00
2017.05.22 17:05:51.342,8.34663,8.34789,1.00,1.00
2017.05.22 17:05:51.496,8.34679,8.34813,1.00,1.00
2017.05.22 17:05:51.598,8.34696,8.34819,1.00,1.00
2017.05.22 17:05:51.951,8.34696,8.34829,1.00,1.00
2017.05.22 17:05:52.469,8.34696,8.34818,1.00,1.00
2017.05.22 17:05:52.786,8.34696,8.34813,1.00,1.00
2017.05.22 17:05:53.722,8.34696,8.34821,1.00,1.00
2017.05.22 17:05:54.723,8.34696,8.3482,1.00,1.00
2017.05.22 17:05:58.326,8.34696,8.34815,1.00,1.00
2017.05.22 17:06:01.396,8.34696,8.34802,1.00,1.00
2017.05.22 17:06:01.447,8.34683,8.34802,1.00,1.00
2017.05.22 17:06:02.374,8.34683,8.348,1.00,1.00
2017.05.22 17:06:04.185,8.34683,8.34809,1.00,1.00
2017.05.22 17:06:10.371,8.34684,8.34809,1.00,1.00
2017.05.22 17:06:10.422,8.34691,8.34809,1.00,1.00
2017.05.22 17:06:10.473,8.34705,8.3483,1.00,1.00
2017.05.22 17:06:11.171,8.34705,8.34831,1.00,1.00
2017.05.22 17:06:11.222,8.34705,8.34822,1.00,1.00
2017.05.22 17:06:11.273,8.34685,8.3481,1.00,1.00
2017.05.22 17:06:11.324,8.34683,8.3481,1.00,1.00
2017.05.22 17:06:11.845,8.34682,8.3481,1.00,1.00
2017.05.22 17:06:12.439,8.3469,8.3481,1.00,1.00
2017.05.22 17:06:12.711,8.34682,8.3481,1.00,1.00
2017.05.22 17:06:13.470,8.34682,8.3479,1.00,1.00
2017.05.22 17:06:13.572,8.34663,8.34777,1.00,1.00
2017.05.22 17:06:13.623,8.34652,8.34777,1.00,1.00
2017.05.22 17:06:13.827,8.3465,8.34777,1.00,1.00
2017.05.22 17:06:13.879,8.34665,8.34783,1.00,1.00
2017.05.22 17:06:14.089,8.34645,8.3477,1.50,1.00
2017.05.22 17:06:14.780,8.34642,8.3477,1.00,1.00
2017.05.22 17:06:17.271,8.34657,8.3477,1.00,1.00
2017.05.22 17:06:17.322,8.34654,8.3477,1.00,1.00
2017.05.22 17:06:17.374,8.34665,8.3479,1.00,1.00
2017.05.22 17:06:17.521,8.34665,8.34792,1.00,1.00
2017.05.22 17:06:18.131,8.34665,8.34779,1.00,1.00
2017.05.22 17:06:18.542,8.34645,8.3477,1.00,1.00
2017.05.22 17:06:18.614,8.34642,8.3477,1.00,1.00
2017.05.22 17:06:24.525,8.34642,8.34753,1.00,1.00
2017.05.22 17:06:24.677,8.34622,8.34747,1.00,1.50
2017.05.22 17:06:25.179,8.34621,8.34747,1.00,1.00
2017.05.22 17:06:25.229,8.34636,8.34747,1.00,1.00
2017.05.22 17:06:25.280,8.34636,8.34762,1.00,1.00
2017.05.22 17:06:25.382,8.3465,8.34773,1.00,1.00
2017.05.22 17:06:25.695,8.34635,8.34755,1.00,1.00
2017.05.22 17:06:26.253,8.34635,8.34749,1.00,1.00
2017.05.22 17:06:26.633,8.34635,8.34757,1.00,1.00
2017.05.22 17:06:27.260,8.34635,8.34762,1.00,1.00
2017.05.22 17:06:28.452,8.34635,8.34749,1.00,1.00
2017.05.22 17:06:28.931,8.34635,8.34762,1.00,1.00
2017.05.22 17:06:30.953,8.34635,8.3475,1.00,1.00
2017.05.22 17:06:31.485,8.34636,8.3475,1.00,1.00
2017.05.22 17:06:32.072,8.3462,8.34748,1.00,1.00
2017.05.22 17:06:32.477,8.34637,8.34758,1.00,1.00
2017.05.22 17:06:36.555,8.34637,8.34764,1.00,1.00
2017.05.22 17:06:36.808,8.34663,8.34775,1.00,1.00
2017.05.22 17:06:37.535,8.34663,8.3477,1.00,1.00
2017.05.22 17:06:39.032,8.34663,8.34775,1.00,1.00
2017.05.22 17:06:39.409,8.34663,8.34768,1.00,1.00
2017.05.22 17:06:39.511,8.34643,8.3476,1.00,1.00
2017.05.22 17:06:40.455,8.34642,8.34758,1.00,1.00
2017.05.22 17:06:43.704,8.34642,8.34765,1.00,1.00
2017.05.22 17:06:44.666,8.34642,8.34768,1.00,1.00
2017.05.22 17:06:46.688,8.34656,8.34784,1.00,1.00
2017.05.22 17:06:51.227,8.34657,8.34784,1.00,1.00
2017.05.22 17:06:52.283,8.34674,8.34784,1.00,1.00
2017.05.22 17:06:52.334,8.34675,8.348,1.00,1.00
2017.05.22 17:06:52.486,8.34675,8.34797,1.00,1.00
2017.05.22 17:06:52.638,8.34659,8.34782,1.00,1.00
2017.05.22 17:06:52.740,8.34645,8.34771,1.00,1.00
2017.05.22 17:06:53.388,8.34644,8.34771,1.00,1.00
2017.05.22 17:06:55.627,8.34629,8.34757,1.00,1.00
2017.05.22 17:06:56.862,8.34644,8.34757,1.00,1.00
2017.05.22 17:06:57.065,8.34652,8.34778,1.00,1.00
2017.05.22 17:07:02.348,8.34652,8.34766,1.00,1.00
2017.05.22 17:07:02.536,8.34629,8.34757,1.00,1.00
2017.05.22 17:07:02.764,8.34644,8.34766,1.00,1.00
2017.05.22 17:07:03.302,8.34644,8.34767,1.00,1.00
2017.05.22 17:07:03.602,8.34644,8.34771,1.00,1.00
2017.05.22 17:07:06.954,8.34644,8.34769,1.00,1.00
2017.05.22 17:07:12.348,8.34631,8.34758,1.00,1.00
2017.05.22 17:07:12.399,8.3464,8.34758,1.00,1.00
2017.05.22 17:07:15.562,8.34648,8.34758,1.00,1.00
2017.05.22 17:07:15.664,8.34642,8.34758,1.00,1.00
2017.05.22 17:07:17.757,8.34647,8.34758,1.00,1.00
2017.05.22 17:07:17.980,8.34657,8.34784,1.00,1.00
2017.05.22 17:07:25.355,8.34657,8.3478,1.00,1.00
2017.05.22 17:07:25.609,8.34656,8.34783,1.00,1.00
2017.05.22 17:07:25.912,8.34658,8.34783,1.00,1.00
2017.05.22 17:07:26.216,8.34656,8.34779,1.00,1.00
2017.05.22 17:07:26.267,8.34642,8.3477,1.00,1.00
2017.05.22 17:07:33.602,8.34639,8.34753,1.00,1.00
2017.05.22 17:07:33.754,8.3464,8.34767,1.50,1.00
2017.05.22 17:07:38.469,8.34651,8.34767,1.00,1.00
2017.05.22 17:07:38.801,8.34697,8.34821,1.00,1.00
2017.05.22 17:07:38.903,8.34681,8.34809,1.50,1.00
2017.05.22 17:07:39.732,8.34666,8.34794,1.50,1.00
2017.05.22 17:07:40.179,8.34668,8.34794,1.00,1.00
2017.05.22 17:07:40.337,8.34666,8.34794,1.00,1.00
2017.05.22 17:07:40.880,8.34677,8.34794,1.00,1.00
2017.05.22 17:07:41.033,8.34681,8.34809,1.00,1.00
2017.05.22 17:07:42.078,8.34687,8.34809,1.00,1.00
2017.05.22 17:07:42.281,8.34681,8.34809,1.00,1.00
2017.05.22 17:07:42.436,8.34689,8.34809,1.00,1.00
2017.05.22 17:07:42.928,8.34681,8.34809,1.00,1.00
2017.05.22 17:07:42.979,8.34686,8.34809,1.00,1.00
2017.05.22 17:07:43.527,8.34681,8.34809,1.00,1.00
2017.05.22 17:07:43.629,8.34688,8.34809,1.00,1.00
2017.05.22 17:07:43.903,8.34644,8.34771,1.50,1.00
2017.05.22 17:07:44.209,8.3465,8.34771,1.00,1.00
2017.05.22 17:07:44.868,8.34669,8.34771,1.00,1.00
2017.05.22 17:07:45.027,8.34679,8.34789,1.00,1.00
2017.05.22 17:07:45.079,8.34674,8.34789,1.00,1.00
2017.05.22 17:07:45.130,8.3468,8.34789,1.00,1.00
2017.05.22 17:07:45.728,8.34673,8.34789,1.00,1.00
2017.05.22 17:07:45.838,8.34681,8.34789,1.00,1.00
2017.05.22 17:07:46.102,8.34681,8.34804,1.00,1.00
2017.05.22 17:07:46.328,8.34676,8.34804,1.00,1.00
2017.05.22 17:07:46.379,8.34681,8.34804,1.00,1.00
2017.05.22 17:07:46.879,8.34676,8.34804,1.00,1.00
2017.05.22 17:07:46.980,8.34681,8.34804,1.00,1.00
2017.05.22 17:07:47.502,8.34676,8.34804,1.00,1.00
2017.05.22 17:07:47.603,8.34681,8.34804,1.00,1.00
2017.05.22 17:07:48.126,8.34676,8.34804,1.50,1.00
2017.05.22 17:07:48.325,8.3468,8.34804,1.00,1.00
2017.05.22 17:07:48.685,8.34676,8.34804,1.00,1.00
2017.05.22 17:07:48.787,8.34681,8.34804,1.00,1.00
2017.05.22 17:07:49.780,8.3468,8.34804,1.00,1.00
2017.05.22 17:07:52.516,8.34676,8.34804,1.00,1.00
2017.05.22 17:07:52.631,8.34687,8.34804,1.00,1.00
2017.05.22 17:07:52.834,8.34697,8.34824,1.00,1.00
2017.05.22 17:07:52.935,8.34706,8.34824,1.00,1.00
2017.05.22 17:07:52.986,8.34701,8.34824,1.00,1.00
2017.05.22 17:07:54.980,8.34699,8.34824,1.00,1.00
2017.05.22 17:07:59.825,8.34696,8.34824,1.00,1.00
2017.05.22 17:08:01.501,8.34699,8.34824,1.00,1.00
2017.05.22 17:08:02.483,8.34704,8.34824,1.00,1.00
2017.05.22 17:08:02.635,8.3472,8.34847,1.00,1.00
2017.05.22 17:08:12.363,8.3472,8.34838,1.00,1.00
2017.05.22 17:08:13.404,8.3472,8.34847,1.00,1.50
2017.05.22 17:08:13.454,8.3472,8.34836,1.00,1.00
2017.05.22 17:08:13.556,8.347,8.34826,1.00,1.00
2017.05.22 17:08:13.607,8.34698,8.34826,1.00,1.00
2017.05.22 17:08:13.709,8.34705,8.34826,1.00,1.00
2017.05.22 17:08:13.760,8.34722,8.34845,1.00,1.50
2017.05.22 17:08:14.006,8.34722,8.34829,1.00,1.00
2017.05.22 17:08:14.057,8.34696,8.34824,1.00,1.00
2017.05.22 17:08:14.787,8.34702,8.34824,1.00,1.00
2017.05.22 17:08:14.838,8.34696,8.34824,1.00,1.00
2017.05.22 17:08:14.940,8.34711,8.34824,1.00,1.00
2017.05.22 17:08:15.194,8.34763,8.34878,1.00,1.00
2017.05.22 17:08:15.245,8.34763,8.34891,1.00,1.00
2017.05.22 17:08:15.704,8.34755,8.34875,1.00,1.00
2017.05.22 17:08:16.031,8.34762,8.34875,1.00,1.00
2017.05.22 17:08:16.183,8.34762,8.3489,1.00,1.00
2017.05.22 17:08:16.393,8.34752,8.34866,1.00,1.00
2017.05.22 17:08:16.714,8.34744,8.34866,1.00,1.00
2017.05.22 17:08:17.229,8.34753,8.34866,1.00,1.00
2017.05.22 17:08:17.280,8.34745,8.34866,1.00,1.00
2017.05.22 17:08:17.829,8.34749,8.34866,1.00,1.00
2017.05.22 17:08:17.880,8.34743,8.34866,1.00,1.00
2017.05.22 17:08:18.378,8.34749,8.34866,1.00,1.00
2017.05.22 17:08:18.482,8.34743,8.34866,1.00,1.00
2017.05.22 17:08:19.029,8.34749,8.34866,1.00,1.00
2017.05.22 17:08:19.080,8.34743,8.34866,1.00,1.00
2017.05.22 17:08:19.627,8.34749,8.34866,1.00,1.00
2017.05.22 17:08:19.678,8.34743,8.34866,1.00,1.00
2017.05.22 17:08:19.780,8.34748,8.34866,1.00,1.00
2017.05.22 17:08:20.316,8.34744,8.34866,1.00,1.00
2017.05.22 17:08:20.378,8.34748,8.34866,1.00,1.00
2017.05.22 17:08:20.911,8.34743,8.34866,1.00,1.00
2017.05.22 17:08:21.012,8.34749,8.34866,1.00,1.00
2017.05.22 17:08:21.452,8.3476,8.34866,1.00,1.00
2017.05.22 17:08:21.503,8.34768,8.34887,1.00,1.00
2017.05.22 17:08:21.554,8.34768,8.34889,1.00,1.00
2017.05.22 17:08:21.605,8.34775,8.34895,1.00,1.00
2017.05.22 17:08:21.808,8.34754,8.34876,1.00,1.00
2017.05.22 17:08:24.881,8.34749,8.34876,1.00,1.00
2017.05.22 17:08:24.982,8.34749,8.34863,1.00,1.00
2017.05.22 17:08:25.084,8.34731,8.34858,1.00,1.00
2017.05.22 17:08:25.386,8.34738,8.34858,1.00,1.00
2017.05.22 17:08:25.828,8.34731,8.34858,1.50,1.00
2017.05.22 17:08:25.880,8.34738,8.34858,1.00,1.00
2017.05.22 17:08:26.211,8.34752,8.34858,1.00,1.00
2017.05.22 17:08:26.411,8.34742,8.34858,1.00,1.00
2017.05.22 17:08:26.513,8.34746,8.34858,1.00,1.00
2017.05.22 17:08:26.572,8.34748,8.34875,1.00,1.00
2017.05.22 17:08:29.328,8.34765,8.34875,1.00,1.00
2017.05.22 17:08:29.379,8.34763,8.34875,1.00,1.00
2017.05.22 17:08:29.480,8.34771,8.34895,1.00,1.00
2017.05.22 17:08:29.531,8.34771,8.34899,1.00,1.00
2017.05.22 17:08:29.825,8.34763,8.34885,1.00,1.00
2017.05.22 17:08:30.335,8.34758,8.34885,1.50,1.00
2017.05.22 17:08:31.375,8.34766,8.34885,1.00,1.00
2017.05.22 17:08:31.494,8.34758,8.34885,1.00,1.00
2017.05.22 17:08:32.194,8.34773,8.34885,1.00,1.00
2017.05.22 17:08:32.296,8.34781,8.34905,1.00,1.00
2017.05.22 17:08:32.455,8.34781,8.349,1.00,1.00
2017.05.22 17:08:32.506,8.34781,8.34909,1.00,1.00
2017.05.22 17:08:32.659,8.34792,8.34909,1.00,1.00
2017.05.22 17:08:32.710,8.34803,8.34928,1.00,1.00
2017.05.22 17:08:32.761,8.34803,8.3493,1.00,1.00
2017.05.22 17:08:32.812,8.34803,8.34917,1.00,1.00
2017.05.22 17:08:33.116,8.34784,8.34906,1.00,1.00
2017.05.22 17:08:33.167,8.34779,8.34906,1.50,1.00
2017.05.22 17:08:33.218,8.34779,8.34904,1.00,1.00
2017.05.22 17:08:33.516,8.34779,8.34906,1.00,1.00
2017.05.22 17:08:33.567,8.34783,8.34906,1.00,1.00
2017.05.22 17:08:33.660,8.34779,8.34906,1.00,1.00
2017.05.22 17:08:33.812,8.34789,8.34906,1.00,1.00
2017.05.22 17:08:34.015,8.348,8.34926,1.00,1.50
2017.05.22 17:08:34.639,8.348,8.34914,1.00,1.00
2017.05.22 17:08:34.690,8.34779,8.34903,1.00,1.00
2017.05.22 17:08:34.741,8.34776,8.34903,1.00,1.00
2017.05.22 17:08:35.842,8.34775,8.34903,1.00,1.00
2017.05.22 17:08:36.630,8.34785,8.34903,1.00,1.00
2017.05.22 17:08:36.681,8.34776,8.34903,1.00,1.00
2017.05.22 17:08:37.222,8.34775,8.34903,1.00,1.00
2017.05.22 17:08:47.349,8.3479,8.34903,1.00,1.00
2017.05.22 17:08:47.400,8.34781,8.34903,1.00,1.00
2017.05.22 17:08:47.502,8.34796,8.34903,1.00,1.00
2017.05.22 17:08:47.553,8.34809,8.34937,1.00,1.00
2017.05.22 17:08:47.604,8.34796,8.34918,1.00,1.00
2017.05.22 17:08:48.584,8.34796,8.34915,1.00,1.00
2017.05.22 17:08:52.210,8.3478,8.34907,1.00,1.00
2017.05.22 17:08:56.112,8.3478,8.34901,1.00,1.00
2017.05.22 17:08:56.548,8.3478,8.34907,1.00,1.50
2017.05.22 17:08:57.800,8.3478,8.34906,1.00,1.00
2017.05.22 17:08:57.851,8.34766,8.34884,1.00,1.00
2017.05.22 17:08:58.358,8.34761,8.34884,1.00,1.00
2017.05.22 17:08:58.712,8.34766,8.34884,1.00,1.00
2017.05.22 17:08:59.375,8.34773,8.34884,1.00,1.00
2017.05.22 17:09:00.418,8.34785,8.34884,1.00,1.00
2017.05.22 17:09:00.469,8.34785,8.34899,1.00,1.00
2017.05.22 17:09:00.621,8.34775,8.34899,1.00,1.00
2017.05.22 17:09:00.771,8.34777,8.34899,1.00,1.00
2017.05.22 17:09:00.874,8.34793,8.34921,1.00,1.00
2017.05.22 17:09:05.630,8.34773,8.34894,1.00,1.00
2017.05.22 17:09:05.681,8.34767,8.34894,1.00,1.00
2017.05.22 17:09:06.125,8.34773,8.34894,1.00,1.00
2017.05.22 17:09:06.776,8.34769,8.34894,1.00,1.00
2017.05.22 17:09:07.732,8.34774,8.34894,1.00,1.00
2017.05.22 17:09:09.286,8.34786,8.34912,1.00,1.00
2017.05.22 17:09:10.245,8.34787,8.34912,1.00,1.00
2017.05.22 17:09:11.091,8.34786,8.34912,1.00,1.00
2017.05.22 17:09:11.242,8.34786,8.34906,1.00,1.00
2017.05.22 17:09:11.344,8.34786,8.34912,1.00,1.00
2017.05.22 17:09:17.543,8.34805,8.34912,1.00,1.00
2017.05.22 17:09:18.511,8.34795,8.34912,1.00,1.00
2017.05.22 17:09:19.481,8.348,8.34912,1.00,1.00
2017.05.22 17:09:19.532,8.34796,8.34912,1.00,1.00
2017.05.22 17:09:26.203,8.34798,8.34926,1.00,1.00
2017.05.22 17:09:29.436,8.34807,8.34926,1.00,1.00
2017.05.22 17:09:32.497,8.34798,8.34926,1.50,1.00
2017.05.22 17:09:32.548,8.34808,8.34926,1.00,1.00
2017.05.22 17:09:32.650,8.34798,8.34926,1.00,1.00
2017.05.22 17:09:32.829,8.3481,8.34926,1.00,1.00
2017.05.22 17:09:32.881,8.3483,8.34956,1.00,1.00
2017.05.22 17:09:32.932,8.3483,8.34958,1.00,1.00
2017.05.22 17:09:45.575,8.3483,8.34951,1.00,1.00
2017.05.22 17:09:45.768,8.34812,8.34938,1.00,1.00
2017.05.22 17:09:52.718,8.34794,8.34922,1.00,1.00
2017.05.22 17:09:52.820,8.34794,8.3492,1.00,1.00
2017.05.22 17:09:53.127,8.34782,8.34907,1.00,1.00
2017.05.22 17:09:53.471,8.34782,8.34892,1.00,1.00
2017.05.22 17:09:55.104,8.34769,8.34892,1.00,1.00
2017.05.22 17:09:56.932,8.34768,8.34892,1.00,1.00
2017.05.22 17:09:57.139,8.34779,8.34907,1.00,1.00
2017.05.22 17:10:06.115,8.34766,8.34892,1.00,1.00
2017.05.22 17:10:06.965,8.34764,8.34892,1.00,1.00
2017.05.22 17:10:07.695,8.34767,8.34892,1.00,1.00
2017.05.22 17:10:07.797,8.34764,8.34892,1.00,1.00
2017.05.22 17:10:09.827,8.34769,8.34892,1.00,1.00
2017.05.22 17:10:10.131,8.34775,8.34892,1.00,1.00
2017.05.22 17:10:10.732,8.34774,8.34892,1.00,1.00
2017.05.22 17:10:12.424,8.34786,8.34913,1.00,1.00
2017.05.22 17:10:12.778,8.34786,8.34911,1.00,1.00
2017.05.22 17:10:13.267,8.34773,8.34891,1.00,1.00
2017.05.22 17:10:13.319,8.34766,8.34891,1.00,1.00
2017.05.22 17:10:17.699,8.34769,8.34891,1.00,1.00
2017.05.22 17:10:25.307,8.34765,8.34891,1.00,1.00
2017.05.22 17:10:27.492,8.34777,8.34891,1.00,1.00
2017.05.22 17:10:27.645,8.34786,8.34914,1.00,1.00
2017.05.22 17:10:28.706,8.34786,8.34912,1.00,1.00
2017.05.22 17:10:29.661,8.34767,8.34891,1.00,1.00
2017.05.22 17:10:32.679,8.34764,8.34891,1.50,1.00
2017.05.22 17:10:49.426,8.34766,8.34891,1.00,1.00
2017.05.22 17:10:50.192,8.34744,8.3484,1.00,1.00
2017.05.22 17:10:50.243,8.34741,8.3484,1.00,1.00
2017.05.22 17:10:50.294,8.34721,8.34824,1.00,1.00
2017.05.22 17:10:50.345,8.34697,8.34822,1.00,1.00
2017.05.22 17:10:50.513,8.34682,8.34809,1.00,1.00
2017.05.22 17:10:51.343,8.34688,8.34809,1.00,1.00
2017.05.22 17:10:51.445,8.34683,8.34809,1.00,1.00
2017.05.22 17:10:52.424,8.34693,8.34809,1.00,1.00
2017.05.22 17:10:52.475,8.34683,8.34809,1.00,1.00
2017.05.22 17:10:54.084,8.34702,8.34809,1.00,1.00
2017.05.22 17:10:54.135,8.34688,8.34809,1.00,1.00
2017.05.22 17:10:54.186,8.34704,8.34829,1.00,1.50
2017.05.22 17:10:55.223,8.34704,8.34832,1.00,1.00
2017.05.22 17:10:57.309,8.34709,8.34832,1.00,1.00
2017.05.22 17:10:57.613,8.3473,8.34842,1.00,1.00
2017.05.22 17:10:57.715,8.34719,8.34844,1.00,1.00
2017.05.22 17:10:57.908,8.34739,8.34861,1.00,1.00
2017.05.22 17:10:58.233,8.34739,8.34848,1.00,1.00
2017.05.22 17:10:58.604,8.3472,8.34847,1.00,1.00
2017.05.22 17:10:58.706,8.3472,8.34843,1.00,1.00
2017.05.22 17:11:02.739,8.3472,8.34841,1.00,1.00
2017.05.22 17:11:06.102,8.3472,8.34847,1.00,1.00
2017.05.22 17:11:06.942,8.3472,8.34846,1.00,1.00
2017.05.22 17:11:10.253,8.3472,8.34847,1.00,1.00
2017.05.22 17:11:16.812,8.34721,8.34847,1.00,1.00
2017.05.22 17:11:18.770,8.3472,8.34847,1.00,1.00
2017.05.22 17:11:26.137,8.34715,8.34842,1.00,1.00
2017.05.22 17:11:28.636,8.34715,8.34835,1.00,1.00
2017.05.22 17:11:28.841,8.34695,8.3482,1.00,1.00
2017.05.22 17:11:28.892,8.34693,8.3482,1.50,1.00
2017.05.22 17:11:32.421,8.34703,8.3482,1.00,1.00
2017.05.22 17:11:32.674,8.34693,8.3482,1.00,1.00
2017.05.22 17:11:43.299,8.3468,8.34804,1.00,1.00
2017.05.22 17:11:43.846,8.34686,8.34804,1.00,1.00
2017.05.22 17:11:44.821,8.34687,8.34804,1.00,1.00
2017.05.22 17:11:47.684,8.34688,8.34804,1.00,1.00
2017.05.22 17:11:49.818,8.34686,8.34804,1.00,1.00
2017.05.22 17:11:52.372,8.34684,8.34804,1.00,1.00
2017.05.22 17:11:53.327,8.34683,8.34804,1.00,1.00
2017.05.22 17:12:01.445,8.34687,8.34804,1.00,1.00
2017.05.22 17:12:01.495,8.3469,8.34816,1.00,1.00
2017.05.22 17:12:02.063,8.34699,8.34816,1.00,1.00
2017.05.22 17:12:02.164,8.3469,8.34816,1.00,1.00
2017.05.22 17:12:12.380,8.347,8.34816,1.00,1.00
2017.05.22 17:12:12.587,8.34709,8.34837,1.00,1.00
2017.05.22 17:12:17.608,8.34709,8.34835,1.00,1.00
2017.05.22 17:12:21.720,8.34709,8.34819,1.00,1.00
2017.05.22 17:12:21.771,8.34695,8.34812,1.00,1.00
2017.05.22 17:12:21.873,8.3468,8.34807,1.00,1.00
2017.05.22 17:12:22.127,8.34668,8.34794,1.00,1.00
2017.05.22 17:12:22.229,8.3468,8.34807,1.00,1.00
2017.05.22 17:12:22.756,8.34665,8.34789,1.00,1.00
2017.05.22 17:12:22.913,8.34623,8.3475,1.00,1.00
2017.05.22 17:12:22.965,8.34643,8.34768,1.00,1.00
2017.05.22 17:12:23.271,8.34634,8.34744,1.00,1.00
2017.05.22 17:12:23.926,8.3463,8.34744,1.00,1.00
2017.05.22 17:12:24.455,8.34623,8.34744,1.00,1.00
2017.05.22 17:12:24.506,8.34616,8.34744,1.00,1.00
2017.05.22 17:12:24.608,8.34629,8.34744,1.00,1.00
2017.05.22 17:12:25.428,8.34618,8.34744,1.00,1.00
2017.05.22 17:12:25.873,8.34616,8.34744,1.00,1.00
2017.05.22 17:12:26.034,8.34642,8.34763,1.00,1.00
2017.05.22 17:12:26.085,8.34642,8.34768,1.00,1.00
2017.05.22 17:12:32.372,8.34657,8.34778,1.00,1.00
2017.05.22 17:12:32.423,8.34657,8.34785,1.00,1.00
2017.05.22 17:12:32.625,8.34657,8.3478,1.00,1.00
2017.05.22 17:12:33.261,8.34637,8.34761,1.00,1.00
2017.05.22 17:12:33.313,8.34635,8.34761,1.00,1.00
2017.05.22 17:12:38.004,8.34636,8.34761,1.00,1.00
2017.05.22 17:12:38.860,8.34635,8.34761,1.00,1.00
2017.05.22 17:12:52.293,8.34641,8.34768,1.00,1.00
2017.05.22 17:12:52.546,8.3465,8.34768,1.00,1.00
2017.05.22 17:12:52.597,8.34654,8.34782,1.00,1.00
2017.05.22 17:12:53.202,8.34642,8.34768,1.00,1.00
2017.05.22 17:12:54.253,8.34641,8.34768,1.00,1.00
2017.05.22 17:13:03.102,8.34662,8.34768,1.00,1.00
2017.05.22 17:13:03.226,8.34663,8.34791,1.00,1.00
2017.05.22 17:13:10.923,8.34681,8.34804,1.00,1.00
2017.05.22 17:13:11.146,8.34681,8.34809,1.00,1.00
2017.05.22 17:13:11.349,8.34681,8.34803,1.00,1.00
2017.05.22 17:13:11.552,8.34658,8.34784,1.00,1.00
2017.05.22 17:13:12.077,8.34659,8.34784,1.00,1.00
2017.05.22 17:13:12.615,8.34658,8.34784,1.00,1.00
2017.05.22 17:13:14.207,8.34659,8.34784,1.00,1.00
2017.05.22 17:13:16.107,8.34658,8.34784,1.00,1.00
2017.05.22 17:13:17.489,8.34664,8.34784,1.00,1.00
2017.05.22 17:13:18.514,8.3466,8.34784,1.00,1.00
2017.05.22 17:13:25.572,8.34659,8.34784,1.00,1.00
2017.05.22 17:13:27.512,8.34658,8.34784,1.00,1.00
2017.05.22 17:13:32.242,8.34657,8.34783,1.00,1.00
2017.05.22 17:13:33.076,8.34655,8.34783,1.00,1.00
2017.05.22 17:13:37.907,8.3467,8.34798,1.00,1.00
2017.05.22 17:13:38.213,8.34681,8.34798,1.00,1.00
2017.05.22 17:13:38.265,8.34686,8.34814,1.00,1.00
2017.05.22 17:13:40.164,8.34668,8.34796,1.50,1.00
2017.05.22 17:13:40.507,8.34678,8.34796,1.00,1.00
2017.05.22 17:13:40.558,8.34668,8.34796,1.00,1.00
2017.05.22 17:13:42.473,8.34655,8.3478,1.00,1.00
2017.05.22 17:13:43.277,8.34654,8.3478,1.00,1.00
2017.05.22 17:13:43.721,8.34662,8.3478,1.00,1.00
2017.05.22 17:13:43.880,8.34668,8.34796,1.00,1.00
2017.05.22 17:13:46.079,8.34672,8.34796,1.00,1.00
2017.05.22 17:13:46.130,8.3467,8.34796,1.00,1.00
2017.05.22 17:13:48.068,8.34669,8.34796,1.00,1.00
2017.05.22 17:13:50.146,8.34672,8.34796,1.00,1.00
2017.05.22 17:13:51.111,8.34668,8.34796,1.00,1.00
2017.05.22 17:13:51.462,8.34672,8.34796,1.00,1.00
2017.05.22 17:13:52.372,8.34671,8.34796,1.00,1.00
2017.05.22 17:13:52.423,8.34687,8.34815,1.00,1.00
2017.05.22 17:14:02.942,8.34687,8.34802,1.00,1.00
2017.05.22 17:14:03.939,8.34687,8.348,1.00,1.00
2017.05.22 17:14:04.381,8.34687,8.34804,1.00,1.00
2017.05.22 17:14:04.432,8.34687,8.3481,1.00,1.00
2017.05.22 17:14:12.343,8.34673,8.34801,1.00,1.00
2017.05.22 17:14:12.654,8.34676,8.34801,1.00,1.00
2017.05.22 17:14:12.806,8.34673,8.34801,1.00,1.00
2017.05.22 17:14:20.118,8.34673,8.348,1.00,1.00
2017.05.22 17:14:23.126,8.34673,8.34801,1.00,1.00
2017.05.22 17:14:23.467,8.34673,8.34799,1.00,1.00
2017.05.22 17:14:24.180,8.34684,8.34801,1.00,1.00
2017.05.22 17:14:24.434,8.34684,8.3481,1.00,1.00
2017.05.22 17:14:24.536,8.34682,8.3481,1.00,1.00
2017.05.22 17:14:31.048,8.34682,8.34809,1.00,1.00
2017.05.22 17:14:32.372,8.34682,8.34798,1.00,1.00
2017.05.22 17:14:32.675,8.34682,8.34808,1.00,1.00
2017.05.22 17:14:32.726,8.34682,8.34806,1.00,1.00
2017.05.22 17:14:32.868,8.3466,8.34785,1.00,1.00
2017.05.22 17:14:33.662,8.34679,8.34795,1.00,1.00
2017.05.22 17:14:33.764,8.34666,8.34791,1.00,1.00
2017.05.22 17:14:34.746,8.34667,8.34791,1.00,1.00
2017.05.22 17:14:35.748,8.34668,8.34791,1.00,1.00
2017.05.22 17:14:35.911,8.34665,8.34782,1.00,1.00
2017.05.22 17:14:36.064,8.3465,8.34771,1.00,1.00
2017.05.22 17:14:36.166,8.34635,8.34763,1.00,1.00
2017.05.22 17:14:42.241,8.34635,8.34762,1.00,1.00
2017.05.22 17:14:43.216,8.34635,8.34763,1.00,1.50
2017.05.22 17:14:52.393,8.34625,8.34753,1.00,1.00
2017.05.22 17:14:53.185,8.34626,8.34753,1.00,1.00
2017.05.22 17:14:53.509,8.34633,8.34753,1.00,1.00
2017.05.22 17:14:54.182,8.34637,8.34753,1.00,1.00
2017.05.22 17:14:55.697,8.34647,8.34775,1.00,1.00
2017.05.22 17:15:01.542,8.34651,8.34775,1.00,1.00
2017.05.22 17:15:01.846,8.34681,8.34791,1.00,1.00
2017.05.22 17:15:01.897,8.34656,8.34784,1.00,1.00
2017.05.22 17:15:02.050,8.34673,8.34784,1.00,1.00
2017.05.22 17:15:02.260,8.34656,8.34784,1.00,1.00
2017.05.22 17:15:12.521,8.34675,8.34802,1.00,1.00
2017.05.22 17:15:13.382,8.34675,8.34801,1.00,1.00
2017.05.22 17:15:13.433,8.34653,8.34781,1.00,1.00
2017.05.22 17:15:13.550,8.34668,8.34796,1.00,1.00
2017.05.22 17:15:32.353,8.34672,8.34799,1.00,1.00
2017.05.22 17:15:40.956,8.34672,8.34794,1.00,1.00
2017.05.22 17:15:41.007,8.34672,8.34799,1.00,1.00
2017.05.22 17:15:41.915,8.34687,8.34813,1.00,1.00
2017.05.22 17:15:42.508,8.34687,8.34812,1.00,1.00
2017.05.22 17:15:43.215,8.34687,8.34813,1.00,1.00
2017.05.22 17:15:56.275,8.34708,8.34813,1.00,1.00
2017.05.22 17:15:56.326,8.34717,8.34844,1.00,1.00
2017.05.22 17:15:56.427,8.3473,8.34844,1.00,1.00
2017.05.22 17:15:56.631,8.34731,8.34859,1.00,1.00
2017.05.22 17:16:12.372,8.3473,8.34856,1.00,1.00
2017.05.22 17:16:16.345,8.3473,8.34847,1.00,1.00
2017.05.22 17:16:19.241,8.34705,8.34829,1.00,1.00
2017.05.22 17:16:20.307,8.34705,8.34827,1.00,1.00
2017.05.22 17:16:23.342,8.34705,8.34825,1.00,1.00
2017.05.22 17:16:27.958,8.34705,8.34821,1.00,1.00
2017.05.22 17:16:28.812,8.34705,8.3483,1.00,1.00
2017.05.22 17:16:32.393,8.34696,8.34824,1.00,1.00
2017.05.22 17:16:32.597,8.34724,8.34847,1.00,1.00
2017.05.22 17:16:32.698,8.34709,8.34837,1.00,1.50
2017.05.22 17:16:32.902,8.34695,8.34821,1.00,1.00
2017.05.22 17:16:37.088,8.34695,8.34818,1.00,1.00
2017.05.22 17:16:37.274,8.34674,8.348,1.00,1.00
2017.05.22 17:16:37.325,8.34672,8.348,1.00,1.00
2017.05.22 17:16:40.833,8.34679,8.348,1.00,1.00
2017.05.22 17:16:40.969,8.34672,8.348,1.50,1.00
2017.05.22 17:16:41.020,8.34691,8.34818,1.00,1.00
2017.05.22 17:16:41.425,8.34672,8.34799,1.00,1.00
2017.05.22 17:16:48.067,8.34682,8.34799,1.00,1.00
2017.05.22 17:16:53.635,8.34684,8.34799,1.00,1.00
2017.05.22 17:16:53.839,8.34696,8.34824,1.00,1.00
2017.05.22 17:16:54.042,8.34711,8.34836,1.00,1.00
2017.05.22 17:16:54.878,8.34711,8.34839,1.00,1.00
2017.05.22 17:16:55.554,8.34711,8.34829,1.00,1.00
2017.05.22 17:16:56.204,8.34711,8.34824,1.00,1.00
2017.05.22 17:16:56.416,8.34683,8.34808,1.00,1.00
2017.05.22 17:16:56.571,8.34688,8.34808,1.00,1.00
2017.05.22 17:16:57.157,8.34733,8.34808,1.00,1.00
2017.05.22 17:16:57.209,8.34733,8.34829,1.00,1.00
2017.05.22 17:16:57.260,8.34732,8.34831,1.00,1.00
2017.05.22 17:16:57.311,8.34732,8.34847,1.00,1.00
2017.05.22 17:16:57.515,8.34734,8.34847,1.00,1.00
2017.05.22 17:16:57.616,8.34746,8.34867,1.00,1.00
2017.05.22 17:16:57.667,8.34746,8.34873,1.00,1.00
2017.05.22 17:16:57.718,8.34754,8.34873,1.00,1.00
2017.05.22 17:16:57.921,8.34759,8.34887,1.00,1.00
2017.05.22 17:17:02.448,8.34763,8.34887,1.00,1.00
2017.05.22 17:17:02.840,8.34759,8.34887,1.00,1.00
2017.05.22 17:17:05.347,8.34821,8.34887,1.00,1.00
2017.05.22 17:17:05.398,8.34833,8.34905,1.00,1.00
2017.05.22 17:17:05.449,8.34832,8.34951,1.00,1.00
2017.05.22 17:17:17.820,8.34837,8.34951,1.00,1.00
2017.05.22 17:17:17.973,8.34848,8.34976,1.00,1.00
2017.05.22 17:17:25.529,8.3492,8.34976,1.00,1.00
2017.05.22 17:17:25.580,8.3492,8.35005,1.00,1.00
2017.05.22 17:17:25.632,8.34932,8.35005,1.00,1.00
2017.05.22 17:17:25.683,8.34932,8.35041,1.00,1.00
2017.05.22 17:17:26.979,8.3494,8.35041,1.00,1.00
2017.05.22 17:17:27.185,8.34957,8.35079,1.00,1.00
2017.05.22 17:17:27.338,8.34951,8.35079,1.00,1.00
2017.05.22 17:17:42.730,8.35018,8.35079,1.00,1.00
2017.05.22 17:17:42.781,8.35018,8.35091,1.00,1.00
2017.05.22 17:17:42.883,8.35026,8.35152,1.00,1.00
2017.05.22 17:17:42.985,8.3503,8.35152,1.00,1.00
2017.05.22 17:17:43.289,8.35035,8.35152,1.00,1.00
2017.05.22 17:17:48.102,8.35042,8.35152,1.00,1.00
2017.05.22 17:17:48.154,8.3504,8.35152,1.00,1.00
2017.05.22 17:17:48.206,8.35046,8.35172,1.00,1.00
2017.05.22 17:17:48.410,8.35046,8.3517,1.00,1.00
2017.05.22 17:17:48.786,8.3503,8.35153,1.00,1.00
2017.05.22 17:17:49.461,8.35031,8.35153,1.00,1.00
2017.05.22 17:17:53.599,8.35035,8.35153,1.00,1.00
2017.05.22 17:17:54.625,8.35038,8.35153,1.00,1.00
2017.05.22 17:17:55.635,8.35039,8.35153,1.00,1.00
2017.05.22 17:17:56.628,8.35037,8.35153,1.00,1.00
2017.05.22 17:17:58.935,8.35045,8.35173,1.00,1.00
2017.05.22 17:18:03.957,8.35055,8.35173,1.00,1.00
2017.05.22 17:18:04.109,8.35066,8.35189,1.00,1.00
2017.05.22 17:18:04.211,8.35061,8.35189,1.00,1.00
2017.05.22 17:18:07.524,8.35041,8.35167,1.00,1.00
2017.05.22 17:18:08.296,8.35039,8.35167,1.00,1.00
2017.05.22 17:18:17.108,8.35041,8.35167,1.00,1.00
2017.05.22 17:18:25.949,8.35039,8.35167,1.00,1.00
2017.05.22 17:18:26.000,8.35039,8.35163,1.00,1.00
2017.05.22 17:18:26.255,8.35069,8.35197,1.00,1.00
2017.05.22 17:18:27.061,8.35081,8.35197,1.00,1.00
2017.05.22 17:18:28.111,8.35079,8.35197,1.00,1.00
2017.05.22 17:18:35.626,8.35077,8.35197,1.00,1.00
2017.05.22 17:18:40.111,8.35069,8.35197,1.00,1.00
2017.05.22 17:18:46.195,8.35078,8.35204,1.00,1.00
2017.05.22 17:18:47.936,8.35136,8.35204,1.00,1.00
2017.05.22 17:18:48.190,8.35182,8.3529,1.00,1.00
2017.05.22 17:18:48.241,8.35182,8.3529,1.75,1.00
2017.05.22 17:18:48.292,8.35213,8.35303,1.37,1.00
2017.05.22 17:18:48.343,8.3524,8.35303,1.00,1.00
2017.05.22 17:18:48.495,8.3524,8.35355,1.00,1.00
2017.05.22 17:18:48.597,8.35253,8.3538,1.00,1.00
2017.05.22 17:18:48.877,8.3524,8.35367,1.00,1.00
2017.05.22 17:18:49.403,8.35239,8.35367,1.00,1.00
2017.05.22 17:19:00.187,8.35239,8.35319,1.00,1.00
2017.05.22 17:19:00.339,8.35209,8.35319,1.00,1.00
2017.05.22 17:19:00.442,8.35174,8.35301,1.00,1.00
2017.05.22 17:19:03.242,8.35174,8.35292,1.00,1.00
2017.05.22 17:19:03.446,8.35152,8.35278,1.00,1.82
2017.05.22 17:19:03.497,8.35152,8.35278,1.00,1.50
2017.05.22 17:19:23.189,8.35152,8.35278,1.00,1.07
2017.05.22 17:19:23.280,8.35152,8.35278,1.00,1.00
2017.05.22 17:19:26.257,8.35135,8.35262,1.00,1.00
2017.05.22 17:19:26.308,8.35137,8.35262,1.00,1.00
2017.05.22 17:19:29.338,8.35244,8.35308,1.00,1.00
2017.05.22 17:19:29.490,8.35281,8.35392,1.00,1.00
2017.05.22 17:19:29.592,8.353,8.35409,1.00,1.00
2017.05.22 17:19:29.795,8.35306,8.35432,1.00,1.00
2017.05.22 17:19:30.342,8.3531,8.35432,1.00,1.00
2017.05.22 17:19:30.702,8.35319,8.35432,1.00,1.00
2017.05.22 17:19:33.768,8.35306,8.35432,1.00,1.00
2017.05.22 17:19:33.819,8.35313,8.35432,1.00,1.00
2017.05.22 17:19:34.721,8.35314,8.35432,1.00,1.00
2017.05.22 17:19:35.460,8.35318,8.35432,1.00,1.00
2017.05.22 17:19:36.415,8.35313,8.35432,1.00,1.00
2017.05.22 17:19:38.578,8.35337,8.35432,1.00,1.00
2017.05.22 17:19:38.781,8.35355,8.35459,1.00,1.00
2017.05.22 17:19:38.832,8.35342,8.35459,1.00,1.00
2017.05.22 17:19:38.883,8.35346,8.35473,1.00,1.00
2017.05.22 17:19:39.035,8.35346,8.35464,1.00,1.00
2017.05.22 17:19:39.451,8.35318,8.35444,1.00,1.00
2017.05.22 17:19:41.119,8.35331,8.35444,1.00,1.00
2017.05.22 17:19:42.124,8.35334,8.35444,1.00,1.00
2017.05.22 17:19:42.277,8.35338,8.35466,1.50,1.00
2017.05.22 17:19:42.379,8.35338,8.35451,1.00,1.00
2017.05.22 17:19:43.154,8.35335,8.35451,1.00,1.00
2017.05.22 17:19:45.861,8.35343,8.35451,1.00,1.00
2017.05.22 17:19:46.186,8.354,8.35489,1.00,1.00
2017.05.22 17:19:46.237,8.35393,8.35489,1.50,1.00
2017.05.22 17:19:46.288,8.35393,8.35512,1.50,1.00
2017.05.22 17:19:46.390,8.35399,8.35527,1.00,1.00
2017.05.22 17:19:50.378,8.35399,8.35504,1.00,1.00
2017.05.22 17:19:50.479,8.35377,8.35489,1.00,1.00
2017.05.22 17:19:50.581,8.35364,8.3547,1.00,1.00
2017.05.22 17:19:50.784,8.3533,8.35457,1.00,1.00
2017.05.22 17:19:57.405,8.3533,8.35454,1.00,1.00
2017.05.22 17:19:57.507,8.35302,8.3543,1.00,1.00
2017.05.22 17:20:02.380,8.35371,8.3543,1.00,1.00
2017.05.22 17:20:02.432,8.35371,8.35465,1.00,1.00
2017.05.22 17:20:02.636,8.35371,8.35487,1.00,1.00
2017.05.22 17:20:02.788,8.35382,8.35487,1.00,1.00
2017.05.22 17:20:08.772,8.35372,8.35487,1.00,1.00
2017.05.22 17:20:13.146,8.35362,8.35487,1.00,1.00
2017.05.22 17:20:18.790,8.35359,8.35487,1.00,1.00
2017.05.22 17:20:24.898,8.35359,8.35477,1.00,1.00
2017.05.22 17:20:24.949,8.35336,8.35464,1.00,1.00
2017.05.22 17:20:25.101,8.35336,8.35461,1.00,1.00
2017.05.22 17:20:25.415,8.35314,8.35441,1.00,1.00
2017.05.22 17:20:37.049,8.35314,8.35425,1.00,1.00
2017.05.22 17:20:37.150,8.35292,8.3541,1.00,1.00
2017.05.22 17:20:37.252,8.35269,8.35397,1.00,1.00
2017.05.22 17:20:37.354,8.35265,8.35375,1.00,1.00
2017.05.22 17:20:37.770,8.35265,8.3539,1.00,1.00
2017.05.22 17:20:38.141,8.35262,8.3539,1.00,1.00
2017.05.22 17:20:38.356,8.35267,8.3539,1.00,1.00
2017.05.22 17:20:39.358,8.35263,8.3539,1.00,1.00
2017.05.22 17:20:41.439,8.35268,8.3539,1.00,1.00
2017.05.22 17:20:47.568,8.35273,8.3539,1.00,1.00
2017.05.22 17:20:48.347,8.35266,8.3539,1.00,1.00
2017.05.22 17:20:48.934,8.35273,8.3539,1.00,1.00
2017.05.22 17:20:49.914,8.35275,8.3539,1.00,1.00
2017.05.22 17:20:50.418,8.3527,8.3539,1.00,1.00
2017.05.22 17:20:51.456,8.35271,8.3539,1.00,1.00
2017.05.22 17:20:56.419,8.35267,8.3539,1.00,1.00
2017.05.22 17:21:03.935,8.35265,8.3539,1.00,1.00
2017.05.22 17:21:04.831,8.35271,8.3539,1.00,1.00
2017.05.22 17:21:04.952,8.35268,8.3539,1.00,1.00
2017.05.22 17:21:05.952,8.35266,8.3539,1.00,1.00
2017.05.22 17:21:06.003,8.35262,8.3539,1.00,1.00
2017.05.22 17:21:08.759,8.35266,8.3539,1.00,1.00
2017.05.22 17:21:11.449,8.35263,8.3539,1.00,1.00
2017.05.22 17:21:13.438,8.35262,8.3539,1.00,1.00
2017.05.22 17:21:20.067,8.35286,8.3539,1.00,1.00
2017.05.22 17:21:20.321,8.35286,8.35411,1.00,1.00
2017.05.22 17:21:26.528,8.35284,8.35411,1.00,1.00
2017.05.22 17:21:36.121,8.35288,8.35411,1.00,1.00
2017.05.22 17:21:37.877,8.35294,8.35411,1.00,1.00
2017.05.22 17:21:38.646,8.3529,8.35411,1.00,1.00
2017.05.22 17:21:39.103,8.35296,8.35411,1.00,1.00
2017.05.22 17:21:39.597,8.35291,8.35411,1.00,1.00
2017.05.22 17:21:41.509,8.35288,8.35411,1.00,1.00
2017.05.22 17:21:49.025,8.3529,8.35411,1.00,1.00
2017.05.22 17:21:52.260,8.3529,8.35407,1.00,1.00
2017.05.22 17:21:55.771,8.35286,8.35407,1.00,1.00
2017.05.22 17:22:01.985,8.35288,8.35407,1.00,1.00
2017.05.22 17:22:04.143,8.35289,8.35407,1.00,1.00
2017.05.22 17:22:12.298,8.35289,8.3541,1.00,1.00
2017.05.22 17:22:15.927,8.35294,8.3541,1.00,1.00
2017.05.22 17:22:16.310,8.35304,8.3541,1.00,1.00
2017.05.22 17:22:16.627,8.35335,8.3541,1.00,1.00
2017.05.22 17:22:16.729,8.35335,8.35436,1.00,1.00
2017.05.22 17:22:16.910,8.35335,8.35458,1.00,1.00
2017.05.22 17:22:17.923,8.35331,8.35458,1.00,1.00
2017.05.22 17:22:18.209,8.35336,8.35458,1.00,1.00
2017.05.22 17:22:21.265,8.35331,8.35458,1.50,1.00
2017.05.22 17:22:21.801,8.35336,8.35458,1.00,1.00
2017.05.22 17:22:23.342,8.35339,8.35458,1.00,1.00
2017.05.22 17:22:24.380,8.35335,8.35458,1.00,1.00
2017.05.22 17:22:25.874,8.3534,8.35458,1.00,1.00
2017.05.22 17:22:26.270,8.35336,8.35458,1.00,1.00
2017.05.22 17:22:26.841,8.35331,8.35458,1.00,1.00
2017.05.22 17:22:32.379,8.35343,8.35467,1.00,1.00
2017.05.22 17:22:33.895,8.35343,8.35471,1.00,1.50
2017.05.22 17:22:34.890,8.35343,8.35468,1.00,1.00
2017.05.22 17:22:52.364,8.35341,8.35468,1.00,1.00
2017.05.22 17:22:55.479,8.35341,8.35469,1.00,1.00
2017.05.22 17:22:55.530,8.35341,8.35453,1.00,1.00
2017.05.22 17:22:55.793,8.35308,8.35431,1.00,1.00
2017.05.22 17:22:56.506,8.35307,8.35431,1.00,1.00
2017.05.22 17:22:56.706,8.35305,8.35431,1.00,1.00
2017.05.22 17:23:01.871,8.35305,8.3543,1.00,1.00
2017.05.22 17:23:01.923,8.35305,8.35424,1.00,1.00
2017.05.22 17:23:02.125,8.35291,8.35417,1.00,1.00
2017.05.22 17:23:03.119,8.35293,8.35417,1.00,1.00
2017.05.22 17:23:03.425,8.35339,8.35417,1.00,1.00
2017.05.22 17:23:03.628,8.35341,8.35469,1.00,1.00
2017.05.22 17:23:13.948,8.3533,8.35453,1.00,1.00
2017.05.22 17:23:14.114,8.35325,8.35453,1.00,1.00
2017.05.22 17:23:15.096,8.35328,8.35453,1.00,1.00
2017.05.22 17:23:19.205,8.35325,8.35453,1.50,1.00
2017.05.22 17:23:24.275,8.35329,8.35453,1.00,1.00
2017.05.22 17:23:25.027,8.35328,8.35453,1.00,1.00
2017.05.22 17:23:26.767,8.35327,8.35453,1.00,1.00
2017.05.22 17:23:28.169,8.35325,8.35453,1.00,1.00
2017.05.22 17:23:30.959,8.35328,8.35453,1.00,1.00
2017.05.22 17:23:32.155,8.35325,8.35453,1.00,1.00
2017.05.22 17:23:32.228,8.35322,8.3545,1.00,1.00
2017.05.22 17:23:32.532,8.35325,8.3545,1.00,1.00
2017.05.22 17:23:33.396,8.35323,8.3545,1.00,1.00
2017.05.22 17:23:34.085,8.35331,8.3545,1.00,1.00
2017.05.22 17:23:34.636,8.35326,8.3545,1.00,1.00
2017.05.22 17:23:35.893,8.35335,8.3545,1.00,1.00
2017.05.22 17:23:35.944,8.35342,8.3547,1.00,1.00
2017.05.22 17:23:52.370,8.35344,8.35472,1.00,1.00
2017.05.22 17:24:04.926,8.35354,8.35472,1.00,1.00
2017.05.22 17:24:06.234,8.3535,8.35472,1.00,1.00
2017.05.22 17:24:06.384,8.3536,8.35472,1.00,1.00
2017.05.22 17:24:07.237,8.35354,8.35472,1.00,1.00
2017.05.22 17:24:12.201,8.35354,8.3548,1.00,1.00
2017.05.22 17:24:12.388,8.35352,8.3548,1.00,1.00
2017.05.22 17:24:29.844,8.35354,8.3548,1.00,1.00
2017.05.22 17:24:30.148,8.35368,8.35486,1.00,1.00
2017.05.22 17:24:30.452,8.35392,8.35509,1.00,1.00
2017.05.22 17:24:31.418,8.35397,8.35509,1.00,1.00
2017.05.22 17:24:32.224,8.35388,8.35509,1.00,1.00
2017.05.22 17:24:32.326,8.35382,8.35509,1.00,1.00
2017.05.22 17:24:32.479,8.35371,8.35489,1.00,1.00
2017.05.22 17:24:33.435,8.35376,8.35489,1.00,1.00
2017.05.22 17:24:41.916,8.35368,8.35489,1.00,1.00
2017.05.22 17:24:49.384,8.35367,8.35489,1.00,1.00
2017.05.22 17:24:52.266,8.35367,8.35488,1.00,1.00
2017.05.22 17:24:54.150,8.3536,8.35488,1.00,1.00
2017.05.22 17:24:56.939,8.35367,8.35488,1.00,1.00
2017.05.22 17:24:58.790,8.35381,8.35507,1.00,1.00
2017.05.22 17:24:59.753,8.35379,8.35507,1.50,1.00
2017.05.22 17:25:10.501,8.35364,8.35492,1.50,1.00
2017.05.22 17:25:10.823,8.35354,8.35477,1.00,1.00
2017.05.22 17:25:11.730,8.35358,8.35477,1.00,1.00
2017.05.22 17:25:12.512,8.35353,8.35477,1.00,1.00
2017.05.22 17:25:12.635,8.35349,8.35477,1.00,1.00
2017.05.22 17:25:12.738,8.35339,8.35455,1.00,1.00
2017.05.22 17:25:13.033,8.35327,8.35455,1.00,1.00
2017.05.22 17:25:32.286,8.3532,8.35441,1.00,1.00
2017.05.22 17:25:42.044,8.35319,8.35441,1.00,1.00
2017.05.22 17:25:42.995,8.35315,8.35441,1.00,1.00
2017.05.22 17:25:44.222,8.35314,8.35441,1.00,1.00
2017.05.22 17:25:44.374,8.35298,8.35412,1.00,1.00
2017.05.22 17:25:45.183,8.35293,8.35412,1.00,1.00
2017.05.22 17:25:52.337,8.35288,8.35412,1.00,1.00
2017.05.22 17:26:03.827,8.35284,8.35409,1.00,1.00
2017.05.22 17:26:04.041,8.35263,8.3538,1.00,1.00
2017.05.22 17:26:05.961,8.35278,8.3538,1.00,1.00
2017.05.22 17:26:06.063,8.35285,8.35394,1.00,1.00
2017.05.22 17:26:06.115,8.35285,8.3541,1.00,1.00
2017.05.22 17:26:06.968,8.35286,8.3541,1.00,1.00
2017.05.22 17:26:12.273,8.35287,8.3541,1.00,1.00
2017.05.22 17:26:12.326,8.35287,8.35393,1.00,1.00
2017.05.22 17:26:14.045,8.35289,8.35393,1.00,1.00
2017.05.22 17:26:16.787,8.35279,8.35393,1.00,1.00
2017.05.22 17:26:16.838,8.35286,8.35413,1.00,1.00
2017.05.22 17:26:26.608,8.35286,8.35406,1.00,1.00
2017.05.22 17:26:26.659,8.35271,8.35399,1.00,1.00
2017.05.22 17:26:26.761,8.35259,8.35384,1.00,1.00
2017.05.22 17:26:27.066,8.35278,8.35404,1.00,1.00
2017.05.22 17:26:27.117,8.35278,8.35406,1.00,1.00
2017.05.22 17:26:38.863,8.35282,8.35406,1.00,1.00
2017.05.22 17:26:44.291,8.35286,8.35413,1.00,1.00
2017.05.22 17:27:04.710,8.35287,8.35413,1.00,1.00
2017.05.22 17:27:10.331,8.35286,8.35413,1.00,1.00
2017.05.22 17:27:19.216,8.3527,8.35396,1.00,1.00
2017.05.22 17:27:23.722,8.35268,8.35396,1.00,1.00
2017.05.22 17:27:30.116,8.35274,8.35396,1.00,1.00
2017.05.22 17:27:30.168,8.35268,8.35396,1.50,1.00
2017.05.22 17:27:46.135,8.3527,8.35398,1.00,1.00
2017.05.22 17:27:48.006,8.3527,8.35395,1.00,1.00
2017.05.22 17:27:48.159,8.35255,8.35383,1.00,1.00
2017.05.22 17:27:50.074,8.3524,8.35368,1.00,1.00
2017.05.22 17:27:51.797,8.35242,8.35368,1.00,1.00
2017.05.22 17:27:54.957,8.3524,8.35368,1.00,1.00
2017.05.22 17:28:00.954,8.35248,8.35383,1.00,1.50
2017.05.22 17:28:14.235,8.35248,8.35381,1.00,1.00
2017.05.22 17:28:14.952,8.35248,8.35369,1.00,1.00
2017.05.22 17:28:15.003,8.35229,8.35357,1.00,1.00
2017.05.22 17:28:18.533,8.35234,8.35357,1.00,1.00
2017.05.22 17:28:18.686,8.35244,8.35372,1.00,1.00
2017.05.22 17:28:27.391,8.35245,8.35372,1.00,1.00
2017.05.22 17:28:31.967,8.35253,8.35372,1.00,1.00
2017.05.22 17:28:32.018,8.3526,8.35386,1.00,1.00
2017.05.22 17:28:36.752,8.35245,8.35368,1.00,1.00
2017.05.22 17:28:37.456,8.3524,8.35368,1.50,1.00
2017.05.22 17:28:41.300,8.3524,8.35359,1.00,1.00
2017.05.22 17:28:41.352,8.3522,8.35345,1.00,1.00
2017.05.22 17:28:41.454,8.35209,8.35323,1.00,1.00
2017.05.22 17:28:41.694,8.35196,8.35323,1.00,1.00
2017.05.22 17:28:41.849,8.35189,8.35309,1.00,1.00
2017.05.22 17:28:41.901,8.35181,8.35309,1.00,1.00
2017.05.22 17:28:42.378,8.35172,8.35286,1.00,1.00
2017.05.22 17:28:42.870,8.35169,8.35286,1.00,1.00
2017.05.22 17:28:44.765,8.35175,8.35286,1.00,1.00
2017.05.22 17:28:56.735,8.35169,8.35286,1.00,1.00
2017.05.22 17:28:57.229,8.35174,8.35286,1.00,1.00
2017.05.22 17:28:58.231,8.35175,8.35286,1.00,1.00
2017.05.22 17:28:58.473,8.35163,8.35286,1.00,1.00
2017.05.22 17:28:58.524,8.35168,8.35286,1.00,1.00
2017.05.22 17:28:58.829,8.35168,8.35277,1.00,1.00
2017.05.22 17:28:59.566,8.35169,8.35277,1.00,1.00
2017.05.22 17:29:05.924,8.35167,8.35277,1.00,1.00
2017.05.22 17:29:05.975,8.35149,8.35277,1.00,1.00
2017.05.22 17:29:06.229,8.35136,8.35262,1.00,1.00
2017.05.22 17:29:06.536,8.35163,8.35247,1.00,1.00
2017.05.22 17:29:06.638,8.35163,8.35277,1.00,1.00
2017.05.22 17:29:07.555,8.35157,8.35277,1.00,1.00
2017.05.22 17:29:08.084,8.35163,8.35277,1.00,1.00
2017.05.22 17:29:09.077,8.35167,8.35277,1.00,1.00
2017.05.22 17:29:10.962,8.35156,8.35277,1.00,1.00
2017.05.22 17:29:11.842,8.35174,8.35277,1.00,1.00
2017.05.22 17:29:12.042,8.35179,8.35307,1.00,1.00
2017.05.22 17:29:12.414,8.35183,8.35307,1.00,1.00
2017.05.22 17:29:13.462,8.35187,8.35307,1.00,1.00
2017.05.22 17:29:21.728,8.3518,8.35307,1.00,1.00
2017.05.22 17:29:21.960,8.3519,8.35307,1.00,1.00
2017.05.22 17:29:22.984,8.35194,8.35322,1.00,1.00
2017.05.22 17:29:23.688,8.3519,8.35307,1.00,1.00
2017.05.22 17:29:27.501,8.35179,8.35307,1.00,1.00
2017.05.22 17:29:27.748,8.35184,8.35307,1.00,1.00
2017.05.22 17:29:28.106,8.35191,8.35307,1.00,1.00
2017.05.22 17:29:28.192,8.35194,8.35322,1.00,1.00
2017.05.22 17:29:42.660,8.35194,8.35315,1.00,1.00
2017.05.22 17:29:43.024,8.35174,8.35298,1.00,1.00
2017.05.22 17:29:43.075,8.35171,8.35298,1.00,1.00
2017.05.22 17:29:51.059,8.35172,8.35298,1.00,1.00
2017.05.22 17:29:52.594,8.35176,8.35298,1.00,1.00
2017.05.22 17:29:53.606,8.35171,8.35298,1.00,1.00
2017.05.22 17:29:53.658,8.35165,8.35283,1.00,1.00
2017.05.22 17:29:56.980,8.35156,8.35283,1.00,1.00
2017.05.22 17:29:57.031,8.35162,8.35283,1.00,1.00
2017.05.22 17:29:57.987,8.35164,8.35283,1.00,1.00
2017.05.22 17:30:00.023,8.35155,8.35283,1.00,1.00
2017.05.22 17:30:00.176,8.35152,8.35259,1.00,1.00
2017.05.22 17:30:00.498,8.35156,8.35282,1.00,1.00
2017.05.22 17:30:00.549,8.35169,8.35282,1.00,1.00
2017.05.22 17:30:00.601,8.35171,8.35297,1.00,1.00
2017.05.22 17:30:02.415,8.35172,8.35297,1.00,1.00
2017.05.22 17:30:04.478,8.35171,8.35297,1.00,1.00
2017.05.22 17:30:05.223,8.3515,8.35273,1.00,1.00
2017.05.22 17:30:05.274,8.35145,8.35273,1.00,1.00
2017.05.22 17:30:05.448,8.35145,8.35268,1.00,1.00
2017.05.22 17:30:05.814,8.35106,8.35207,1.00,1.00
2017.05.22 17:30:06.056,8.35095,8.35207,1.00,1.00
2017.05.22 17:30:07.086,8.35089,8.35207,1.00,1.00
2017.05.22 17:30:07.138,8.35079,8.35207,1.50,1.00
2017.05.22 17:30:12.561,8.35085,8.35207,1.00,1.00
2017.05.22 17:30:15.269,8.35099,8.35207,1.00,1.00
2017.05.22 17:30:15.320,8.35099,8.35226,1.50,1.00
2017.05.22 17:30:15.422,8.35114,8.35241,1.00,1.00
2017.05.22 17:30:27.556,8.35114,8.35235,1.00,1.00
2017.05.22 17:30:27.657,8.351,8.35225,1.00,1.50
2017.05.22 17:30:27.759,8.35079,8.35204,1.50,1.00
2017.05.22 17:30:29.544,8.35081,8.35204,1.00,1.00
2017.05.22 17:30:35.080,8.35078,8.35204,1.00,1.00
2017.05.22 17:30:36.130,8.35076,8.35204,1.00,1.00
2017.05.22 17:30:38.921,8.35081,8.35204,1.00,1.00
2017.05.22 17:30:42.623,8.35083,8.35204,1.00,1.00
2017.05.22 17:30:44.533,8.35082,8.35204,1.00,1.00
2017.05.22 17:30:47.517,8.35076,8.35204,1.00,1.00
2017.05.22 17:30:52.246,8.35076,8.35187,1.00,1.00
2017.05.22 17:30:52.359,8.35067,8.35187,1.00,1.00
2017.05.22 17:30:53.378,8.35065,8.35187,1.00,1.00
2017.05.22 17:30:54.330,8.35062,8.35187,1.00,1.00
2017.05.22 17:31:05.139,8.35064,8.35187,1.00,1.00
2017.05.22 17:31:06.847,8.35059,8.35187,1.00,1.00
2017.05.22 17:31:12.277,8.35058,8.35184,1.00,1.00
2017.05.22 17:31:17.283,8.35057,8.35182,1.00,1.00
2017.05.22 17:31:17.487,8.35027,8.35154,1.00,1.00
2017.05.22 17:31:18.764,8.35027,8.35151,1.00,1.00
2017.05.22 17:31:18.866,8.35006,8.35131,1.00,1.00
2017.05.22 17:31:20.072,8.35012,8.35131,1.00,1.00
2017.05.22 17:31:20.755,8.35009,8.35131,1.00,1.00
2017.05.22 17:31:22.108,8.35006,8.35131,1.50,1.00
2017.05.22 17:31:25.211,8.35017,8.35131,1.00,1.00
2017.05.22 17:31:26.356,8.35021,8.35131,1.00,1.00
2017.05.22 17:31:27.733,8.35019,8.35131,1.00,1.00
2017.05.22 17:31:29.623,8.3502,8.35131,1.00,1.00
2017.05.22 17:31:35.198,8.35022,8.35131,1.00,1.00
2017.05.22 17:31:42.762,8.35023,8.35131,1.00,1.00
2017.05.22 17:31:44.048,8.35018,8.35131,1.00,1.00
2017.05.22 17:31:46.049,8.35018,8.35137,1.00,1.00
2017.05.22 17:31:47.649,8.35022,8.35137,1.00,1.00
2017.05.22 17:31:48.359,8.3505,8.35152,1.00,1.00
2017.05.22 17:31:48.410,8.35039,8.35152,1.00,1.00
2017.05.22 17:31:49.359,8.35032,8.35152,1.00,1.00
2017.05.22 17:31:50.382,8.35031,8.35152,1.00,1.00
2017.05.22 17:31:53.492,8.3504,8.35152,1.00,1.00
2017.05.22 17:31:53.593,8.35046,8.35167,1.00,1.00
2017.05.22 17:31:55.678,8.35058,8.35167,1.00,1.00
2017.05.22 17:31:56.671,8.35062,8.35167,1.00,1.00
2017.05.22 17:31:57.743,8.35058,8.35167,1.00,1.00
2017.05.22 17:32:02.931,8.35052,8.35167,1.00,1.00
2017.05.22 17:32:05.308,8.35051,8.35167,1.00,1.00
2017.05.22 17:32:12.431,8.35051,8.35162,1.00,1.00
2017.05.22 17:32:19.015,8.35041,8.35162,1.00,1.00
2017.05.22 17:32:20.339,8.35045,8.35162,1.00,1.00
2017.05.22 17:32:22.277,8.35042,8.35162,1.00,1.00
2017.05.22 17:32:26.824,8.35041,8.35162,1.00,1.00
2017.05.22 17:32:27.803,8.35035,8.35162,1.00,1.00
2017.05.22 17:32:28.156,8.35033,8.35146,1.00,1.00
2017.05.22 17:32:29.126,8.35036,8.35146,1.00,1.00
2017.05.22 17:32:29.743,8.35031,8.35146,1.00,1.00
2017.05.22 17:32:29.845,8.35038,8.35146,1.00,1.00
2017.05.22 17:32:30.156,8.35048,8.35146,1.00,1.00
2017.05.22 17:32:30.420,8.35048,8.35169,1.00,1.00
2017.05.22 17:32:30.935,8.3507,8.35169,1.00,1.00
2017.05.22 17:32:31.037,8.3507,8.35184,1.00,1.00
2017.05.22 17:32:31.218,8.35071,8.35199,1.00,1.00
2017.05.22 17:32:31.319,8.35064,8.35184,1.00,1.00
2017.05.22 17:32:32.016,8.35057,8.35184,1.00,1.00
2017.05.22 17:32:32.713,8.35065,8.35184,1.00,1.00
2017.05.22 17:32:35.244,8.35056,8.35184,1.00,1.00
2017.05.22 17:32:35.396,8.35056,8.35182,1.00,1.00
2017.05.22 17:32:35.697,8.35037,8.35162,1.00,1.00
2017.05.22 17:32:36.198,8.35035,8.35162,1.00,1.00
2017.05.22 17:32:39.329,8.35031,8.35146,1.00,1.00
2017.05.22 17:32:42.833,8.35025,8.35146,1.00,1.00
2017.05.22 17:32:45.111,8.35028,8.35146,1.00,1.00
2017.05.22 17:32:48.680,8.35022,8.35146,1.00,1.00
2017.05.22 17:32:49.654,8.35021,8.35146,1.00,1.00
2017.05.22 17:32:50.724,8.35006,8.35132,1.00,1.00
2017.05.22 17:33:06.087,8.35005,8.35133,1.00,1.00
2017.05.22 17:33:06.484,8.35013,8.35133,1.00,1.00
2017.05.22 17:33:06.687,8.3502,8.35147,1.00,1.00
2017.05.22 17:33:07.723,8.3502,8.3514,1.00,1.00
2017.05.22 17:33:07.825,8.34992,8.35118,1.00,1.00
2017.05.22 17:33:12.941,8.34998,8.35118,1.00,1.00
2017.05.22 17:33:14.172,8.34992,8.35118,1.00,1.00
2017.05.22 17:33:15.132,8.34991,8.35118,1.00,1.00
2017.05.22 17:33:17.289,8.34996,8.35118,1.00,1.00
2017.05.22 17:33:17.644,8.34991,8.35118,1.00,1.00
2017.05.22 17:33:20.408,8.3499,8.35118,1.00,1.00
2017.05.22 17:33:21.790,8.3499,8.35116,1.00,1.00
2017.05.22 17:33:21.937,8.34971,8.35099,1.00,1.00
2017.05.22 17:33:21.988,8.34971,8.35088,1.00,1.00
2017.05.22 17:33:22.415,8.34957,8.35069,1.00,1.00
2017.05.22 17:33:22.763,8.34951,8.35069,1.00,1.00
2017.05.22 17:33:22.967,8.34957,8.35069,1.00,1.00
2017.05.22 17:33:27.971,8.34951,8.35069,1.00,1.00
2017.05.22 17:33:35.319,8.34945,8.35069,1.00,1.00
2017.05.22 17:33:36.506,8.34949,8.35069,1.00,1.00
2017.05.22 17:33:41.933,8.34947,8.35069,1.00,1.00
2017.05.22 17:33:42.410,8.34942,8.35069,1.50,1.00
2017.05.22 17:33:42.899,8.34927,8.35058,1.00,1.00
2017.05.22 17:33:42.950,8.34916,8.35036,1.00,1.00
2017.05.22 17:33:44.266,8.34916,8.35021,1.00,1.00
2017.05.22 17:33:44.943,8.3492,8.35021,1.00,1.00
2017.05.22 17:33:46.090,8.34929,8.35021,1.00,1.00
2017.05.22 17:33:46.297,8.34936,8.35043,1.00,1.00
2017.05.22 17:33:47.017,8.34916,8.35043,1.00,1.00
2017.05.22 17:33:47.068,8.34926,8.35043,1.00,1.00
2017.05.22 17:33:47.416,8.34926,8.35021,1.00,1.00
2017.05.22 17:33:48.098,8.34936,8.35021,1.00,1.00
2017.05.22 17:33:48.257,8.34936,8.35041,1.00,1.00
2017.05.22 17:33:48.358,8.34926,8.35042,1.00,1.00
2017.05.22 17:33:48.562,8.34918,8.35042,1.00,1.00
2017.05.22 17:33:48.765,8.34918,8.35028,1.00,1.00
2017.05.22 17:33:49.218,8.34925,8.35028,1.00,1.00
2017.05.22 17:33:50.100,8.34924,8.35028,1.00,1.00
2017.05.22 17:33:51.101,8.34923,8.35028,1.00,1.00
2017.05.22 17:33:55.364,8.34928,8.35028,1.00,1.00
2017.05.22 17:33:58.033,8.34933,8.35028,1.00,1.00
2017.05.22 17:33:59.279,8.34939,8.35045,1.00,1.00
2017.05.22 17:33:59.431,8.34933,8.35045,1.00,1.00
2017.05.22 17:33:59.583,8.34924,8.35045,1.00,1.00
2017.05.22 17:33:59.730,8.34924,8.3503,1.00,1.00
2017.05.22 17:34:01.209,8.34924,8.35038,1.00,1.00
2017.05.22 17:34:05.499,8.34927,8.35038,1.00,1.00
2017.05.22 17:34:05.903,8.34934,8.35038,1.00,1.00
2017.05.22 17:34:06.005,8.34954,8.35067,1.00,1.00
2017.05.22 17:34:06.263,8.34941,8.35067,1.00,1.00
2017.05.22 17:34:06.396,8.34941,8.35045,1.00,1.00
2017.05.22 17:34:07.270,8.34939,8.35045,1.00,1.00
2017.05.22 17:34:09.941,8.34936,8.35045,1.00,1.00
2017.05.22 17:34:13.883,8.3495,8.35045,1.00,1.00
2017.05.22 17:34:13.934,8.3495,8.35065,1.00,1.00
2017.05.22 17:34:14.113,8.34953,8.35081,1.00,1.00
2017.05.22 17:34:15.354,8.34955,8.35081,1.00,1.00
2017.05.22 17:34:17.085,8.34953,8.35081,1.00,1.00
2017.05.22 17:34:17.273,8.34943,8.35059,1.00,1.00
2017.05.22 17:34:18.107,8.3494,8.35059,1.00,1.00
2017.05.22 17:34:22.349,8.34929,8.35044,1.00,1.00
2017.05.22 17:34:25.235,8.34922,8.35044,1.00,1.00
2017.05.22 17:34:25.377,8.34928,8.35044,1.00,1.00
2017.05.22 17:34:26.282,8.3493,8.35044,1.00,1.00
2017.05.22 17:34:28.090,8.34927,8.35044,1.00,1.00
2017.05.22 17:34:34.086,8.34921,8.35044,1.00,1.00
2017.05.22 17:34:34.137,8.34916,8.35044,1.00,1.00
2017.05.22 17:34:34.388,8.34917,8.3502,1.00,1.00
2017.05.22 17:34:34.608,8.34917,8.35042,1.00,1.00
2017.05.22 17:34:35.006,8.34917,8.35027,1.00,1.00
2017.05.22 17:34:36.044,8.3491,8.35027,1.00,1.00
2017.05.22 17:34:36.338,8.34905,8.35027,1.00,1.00
2017.05.22 17:34:37.070,8.349,8.35027,1.00,1.00
2017.05.22 17:34:37.386,8.34898,8.35012,1.00,1.00
2017.05.22 17:34:38.031,8.34899,8.35012,1.00,1.00
2017.05.22 17:34:39.037,8.3491,8.35012,1.00,1.00
2017.05.22 17:34:39.210,8.3491,8.35027,1.00,1.00
2017.05.22 17:34:39.517,8.349,8.35027,1.00,1.00
2017.05.22 17:34:39.720,8.34897,8.35012,1.00,1.00
2017.05.22 17:34:40.029,8.34909,8.35012,1.00,1.00
2017.05.22 17:34:40.131,8.34909,8.35027,1.00,1.00
2017.05.22 17:34:41.889,8.349,8.35027,1.50,1.00
2017.05.22 17:34:41.990,8.34909,8.35027,1.00,1.00
2017.05.22 17:34:42.990,8.34907,8.35027,1.00,1.00
2017.05.22 17:34:43.092,8.34913,8.35027,1.00,1.00
2017.05.22 17:34:44.172,8.34909,8.35027,1.00,1.00
2017.05.22 17:34:46.024,8.34902,8.35027,1.00,1.00
2017.05.22 17:34:47.520,8.349,8.35027,1.00,1.00
2017.05.22 17:34:48.101,8.34905,8.35027,1.00,1.00
2017.05.22 17:34:48.946,8.34911,8.35027,1.00,1.00
2017.05.22 17:34:49.186,8.34907,8.35027,1.00,1.00
2017.05.22 17:34:49.236,8.34912,8.35027,1.00,1.00
2017.05.22 17:34:50.636,8.34914,8.35027,1.00,1.00
2017.05.22 17:34:51.049,8.34908,8.35027,1.00,1.00
2017.05.22 17:34:54.700,8.3491,8.35027,1.00,1.00
2017.05.22 17:34:55.240,8.3491,8.35036,1.00,1.00
2017.05.22 17:34:56.719,8.34909,8.35036,1.50,1.00
2017.05.22 17:34:58.346,8.34926,8.35036,1.00,1.00
2017.05.22 17:34:58.448,8.34926,8.35051,1.00,1.00
2017.05.22 17:34:59.224,8.34931,8.35051,1.00,1.00
2017.05.22 17:35:00.790,8.34937,8.35051,1.00,1.00
2017.05.22 17:35:03.175,8.34927,8.35051,1.00,1.00
2017.05.22 17:35:05.667,8.34925,8.35051,1.00,1.00
2017.05.22 17:35:06.192,8.34924,8.35051,1.00,1.00
2017.05.22 17:35:07.708,8.34924,8.35048,1.00,1.00
2017.05.22 17:35:07.759,8.34901,8.35029,1.00,1.00
2017.05.22 17:35:07.961,8.349,8.35014,1.00,1.00
2017.05.22 17:35:08.883,8.34896,8.35014,1.00,1.00
2017.05.22 17:35:09.453,8.3489,8.35014,1.00,1.00
2017.05.22 17:35:10.636,8.34893,8.35014,1.00,1.00
2017.05.22 17:35:10.951,8.34898,8.35014,1.00,1.00
2017.05.22 17:35:20.278,8.34904,8.35032,1.00,1.00
2017.05.22 17:35:24.337,8.34908,8.35032,1.00,1.00
2017.05.22 17:35:27.187,8.34905,8.35032,1.00,1.00
2017.05.22 17:35:28.139,8.34904,8.35032,1.00,1.00
2017.05.22 17:35:40.539,8.34904,8.35023,1.00,1.00
2017.05.22 17:35:40.743,8.34885,8.35013,1.00,1.00
2017.05.22 17:35:41.331,8.349,8.35028,1.00,1.00
2017.05.22 17:35:58.179,8.34906,8.35028,1.00,1.00
2017.05.22 17:35:59.203,8.34905,8.35028,1.00,1.00
2017.05.22 17:35:59.865,8.34928,8.35028,1.00,1.00
2017.05.22 17:35:59.966,8.34928,8.35045,1.00,1.00
2017.05.22 17:36:00.068,8.3494,8.35068,1.00,1.00
2017.05.22 17:36:07.045,8.3494,8.35053,1.00,1.00
2017.05.22 17:36:07.198,8.34918,8.35045,1.00,1.00
2017.05.22 17:36:07.299,8.34904,8.35031,1.00,1.00
2017.05.22 17:36:08.056,8.34903,8.35031,1.00,1.00
2017.05.22 17:36:10.205,8.34913,8.35031,1.00,1.00
2017.05.22 17:36:10.510,8.34934,8.35059,1.00,1.00
2017.05.22 17:36:15.474,8.34941,8.35059,1.00,1.00
2017.05.22 17:36:15.728,8.34978,8.35099,1.00,1.00
2017.05.22 17:36:16.638,8.34974,8.35099,1.00,1.00
2017.05.22 17:36:20.819,8.34976,8.35099,1.00,1.00
2017.05.22 17:36:28.332,8.34972,8.35099,1.00,1.00
2017.05.22 17:36:32.333,8.34971,8.35099,1.50,1.00
2017.05.22 17:36:51.428,8.34989,8.35099,1.00,1.00
2017.05.22 17:36:51.580,8.34989,8.35112,1.00,1.00
2017.05.22 17:36:51.694,8.35001,8.35126,1.00,1.00
2017.05.22 17:36:51.832,8.35001,8.35128,1.00,1.00
2017.05.22 17:36:51.883,8.34986,8.35105,1.00,1.00
2017.05.22 17:36:51.995,8.34993,8.35121,1.00,1.00
2017.05.22 17:37:00.472,8.34993,8.35116,1.00,1.00
2017.05.22 17:37:00.707,8.34972,8.35098,1.00,1.00
2017.05.22 17:37:01.112,8.34977,8.35098,1.00,1.00
2017.05.22 17:37:09.540,8.34986,8.35098,1.00,1.00
2017.05.22 17:37:10.902,8.34982,8.35098,1.00,1.00
2017.05.22 17:37:13.423,8.3498,8.35098,1.00,1.00
2017.05.22 17:37:14.450,8.34993,8.35098,1.00,1.00
2017.05.22 17:37:14.502,8.34994,8.35122,1.00,1.00
2017.05.22 17:37:19.117,8.34979,8.35099,1.00,1.00
2017.05.22 17:37:20.890,8.34977,8.35099,1.00,1.00
2017.05.22 17:37:21.406,8.34972,8.35099,1.50,1.00
2017.05.22 17:37:21.910,8.34977,8.35099,1.00,1.00
2017.05.22 17:37:34.473,8.34972,8.35087,1.00,1.00
2017.05.22 17:37:34.576,8.34955,8.35083,1.00,1.00
2017.05.22 17:37:34.627,8.34955,8.35072,1.00,1.00
2017.05.22 17:37:35.080,8.34941,8.35053,1.00,1.00
2017.05.22 17:37:35.920,8.34942,8.35053,1.00,1.00
2017.05.22 17:37:39.987,8.34926,8.35053,1.00,1.00
2017.05.22 17:37:40.271,8.34911,8.35038,1.50,1.00
2017.05.22 17:37:40.631,8.34923,8.35038,1.00,1.00
2017.05.22 17:37:40.885,8.34932,8.35053,1.00,1.00
2017.05.22 17:37:41.609,8.34927,8.35053,1.00,1.00
2017.05.22 17:37:43.482,8.34926,8.35053,1.00,1.00
2017.05.22 17:37:48.562,8.34911,8.35038,1.00,1.00
2017.05.22 17:38:00.234,8.34911,8.35035,1.00,1.00
2017.05.22 17:38:00.394,8.34888,8.35015,1.00,1.00
2017.05.22 17:38:00.799,8.34873,8.35,1.00,1.00
2017.05.22 17:38:01.145,8.34858,8.34985,1.00,1.00
2017.05.22 17:38:01.489,8.34875,8.35,1.00,1.00
2017.05.22 17:38:02.896,8.34873,8.35,1.00,1.00
2017.05.22 17:38:02.998,8.34864,8.34984,1.00,1.00
2017.05.22 17:38:07.226,8.34885,8.34984,1.00,1.00
2017.05.22 17:38:07.429,8.34885,8.35008,1.00,1.00
2017.05.22 17:38:08.456,8.3488,8.35008,1.00,1.00
2017.05.22 17:38:08.507,8.34865,8.34993,1.00,1.00
2017.05.22 17:38:08.811,8.34862,8.34978,1.00,1.00
2017.05.22 17:38:09.323,8.34856,8.34978,1.00,1.00
2017.05.22 17:38:13.603,8.34855,8.34978,1.00,1.00
2017.05.22 17:38:21.057,8.34858,8.34978,1.00,1.00
2017.05.22 17:38:26.184,8.34858,8.34985,1.50,1.00
2017.05.22 17:38:31.417,8.34875,8.34985,1.00,1.00
2017.05.22 17:38:31.670,8.34875,8.35,1.00,1.00
2017.05.22 17:38:32.826,8.34873,8.35,1.00,1.00
2017.05.22 17:38:52.310,8.34861,8.34987,1.00,1.00
2017.05.22 17:38:53.059,8.3486,8.34987,1.50,1.00
2017.05.22 17:39:12.336,8.34858,8.34985,1.00,1.00
2017.05.22 17:39:13.555,8.34843,8.3497,1.00,1.00
2017.05.22 17:39:18.658,8.34833,8.34952,1.00,1.00
2017.05.22 17:39:18.938,8.34825,8.34952,1.00,1.00
2017.05.22 17:39:19.152,8.34825,8.3495,1.00,1.00
2017.05.22 17:39:19.494,8.34818,8.34929,1.00,1.00
2017.05.22 17:39:19.953,8.34815,8.34929,1.00,1.00
2017.05.22 17:39:23.070,8.34816,8.34929,1.00,1.00
2017.05.22 17:39:23.652,8.34824,8.34929,1.00,1.00
2017.05.22 17:39:23.804,8.34834,8.34945,1.00,1.00
2017.05.22 17:39:23.906,8.34834,8.3496,1.00,1.00
2017.05.22 17:39:25.550,8.34832,8.3496,1.00,1.00
2017.05.22 17:39:25.703,8.34815,8.34938,1.00,1.00
2017.05.22 17:39:28.791,8.34825,8.34938,1.00,1.00
2017.05.22 17:39:28.893,8.34825,8.34952,1.50,1.00
2017.05.22 17:39:40.645,8.34809,8.34935,1.00,1.00
2017.05.22 17:39:43.722,8.34807,8.34935,1.00,1.00
2017.05.22 17:39:52.659,8.34802,8.34918,1.00,1.00
2017.05.22 17:39:58.754,8.34804,8.34918,1.00,1.00
2017.05.22 17:40:06.352,8.34802,8.34918,1.00,1.00
2017.05.22 17:40:12.375,8.34802,8.34915,1.00,1.00
2017.05.22 17:40:13.782,8.34794,8.34915,1.00,1.00
2017.05.22 17:40:15.248,8.34795,8.34915,1.00,1.00
2017.05.22 17:40:21.782,8.34787,8.34915,1.50,1.00
2017.05.22 17:40:21.937,8.34796,8.34915,1.00,1.00
2017.05.22 17:40:24.207,8.34806,8.34915,1.00,1.00
2017.05.22 17:40:24.410,8.34806,8.3493,1.00,1.00
2017.05.22 17:40:25.207,8.34802,8.3493,1.00,1.00
2017.05.22 17:40:25.520,8.34793,8.34915,1.00,1.00
2017.05.22 17:40:31.277,8.34801,8.34915,1.00,1.00
2017.05.22 17:40:31.429,8.34802,8.3493,1.00,1.00
2017.05.22 17:40:48.507,8.34802,8.34921,1.00,1.00
2017.05.22 17:40:48.559,8.34782,8.34904,1.00,1.00
2017.05.22 17:40:48.660,8.34763,8.34889,1.00,1.00
2017.05.22 17:40:48.864,8.34763,8.34874,1.00,1.00
2017.05.22 17:40:49.621,8.34754,8.34874,1.00,1.00
2017.05.22 17:40:49.672,8.34768,8.34894,1.00,1.00
2017.05.22 17:40:50.534,8.34768,8.34895,1.00,1.00
2017.05.22 17:40:55.896,8.34807,8.34895,1.00,1.00
2017.05.22 17:40:56.049,8.34819,8.34915,1.00,1.00
2017.05.22 17:40:56.151,8.34819,8.34937,1.00,1.00
2017.05.22 17:40:56.266,8.34809,8.34937,1.00,1.00
2017.05.22 17:40:56.682,8.34788,8.34903,1.00,1.00
2017.05.22 17:40:57.025,8.34775,8.34888,1.00,1.00
2017.05.22 17:40:57.848,8.34771,8.34888,1.00,1.00
2017.05.22 17:40:58.871,8.34776,8.34888,1.00,1.00
2017.05.22 17:40:59.543,8.3477,8.34888,1.00,1.00
2017.05.22 17:41:00.371,8.34761,8.34888,1.00,1.00
2017.05.22 17:41:00.475,8.34751,8.34866,1.00,1.00
2017.05.22 17:41:00.678,8.34743,8.34866,1.00,1.00
2017.05.22 17:41:01.203,8.34743,8.34851,1.00,1.00
2017.05.22 17:41:01.349,8.34738,8.34851,1.00,1.00
2017.05.22 17:41:02.193,8.34733,8.34851,1.00,1.00
2017.05.22 17:41:03.359,8.34724,8.34851,1.00,1.00
2017.05.22 17:41:04.015,8.34725,8.34851,1.00,1.00
2017.05.22 17:41:05.426,8.34743,8.34871,1.00,1.00
2017.05.22 17:41:16.299,8.34743,8.34871,1.00,1.01
2017.05.22 17:41:17.050,8.34743,8.34871,1.00,1.01
2017.05.22 17:41:18.344,8.34743,8.34871,1.00,1.01
2017.05.22 17:41:18.656,8.34748,8.34871,1.00,1.01
2017.05.22 17:41:19.375,8.34752,8.34871,1.00,1.01
2017.05.22 17:41:20.157,8.34765,8.3489,1.00,1.01
2017.05.22 17:41:20.946,8.34765,8.3489,1.00,1.01
2017.05.22 17:41:21.369,8.34763,8.3489,1.50,1.01
2017.05.22 17:41:25.075,8.34763,8.3489,1.00,1.00
2017.05.22 17:41:27.519,8.34756,8.34871,1.00,1.00
2017.05.22 17:41:28.444,8.34764,8.34871,1.00,1.00
2017.05.22 17:41:29.257,8.34755,8.34871,1.00,1.00
2017.05.22 17:41:30.852,8.34758,8.34871,1.00,1.00
2017.05.22 17:41:30.903,8.34744,8.34871,1.00,1.00
2017.05.22 17:41:31.157,8.34738,8.34849,1.00,1.00
2017.05.22 17:41:31.439,8.34738,8.34864,1.00,1.00
2017.05.22 17:41:31.912,8.34743,8.34864,1.00,1.00
2017.05.22 17:41:36.399,8.34739,8.34864,1.00,1.00
2017.05.22 17:41:39.927,8.34736,8.34864,1.00,1.00
2017.05.22 17:41:40.030,8.34734,8.34835,1.00,1.00
2017.05.22 17:41:40.132,8.34734,8.3485,1.00,1.00
2017.05.22 17:41:40.183,8.3474,8.3485,1.00,1.00
2017.05.22 17:41:40.234,8.3474,8.34865,1.00,1.00
2017.05.22 17:41:40.731,8.34759,8.34865,1.00,1.00
2017.05.22 17:41:40.833,8.34759,8.34885,1.50,1.00
2017.05.22 17:41:40.973,8.34759,8.34887,1.50,1.00
2017.05.22 17:41:41.232,8.34781,8.34887,1.00,1.00
2017.05.22 17:41:41.437,8.3479,8.34907,1.00,1.00
2017.05.22 17:41:41.488,8.3479,8.34917,1.00,1.00
2017.05.22 17:41:41.664,8.3478,8.34902,1.00,1.00
2017.05.22 17:41:41.716,8.34774,8.34902,1.00,1.00
2017.05.22 17:41:41.767,8.34781,8.34902,1.00,1.00
2017.05.22 17:41:42.747,8.34774,8.34902,1.00,1.00
2017.05.22 17:41:46.053,8.3477,8.34887,1.00,1.00
2017.05.22 17:41:46.508,8.34768,8.34887,1.00,1.00
2017.05.22 17:41:51.131,8.34773,8.34887,1.00,1.00
2017.05.22 17:41:51.181,8.34775,8.34901,1.00,1.00
2017.05.22 17:41:51.585,8.34769,8.34879,1.00,1.00
2017.05.22 17:41:52.139,8.34764,8.34879,1.00,1.00
2017.05.22 17:41:52.614,8.34774,8.34879,1.00,1.00
2017.05.22 17:41:58.944,8.34765,8.34879,1.00,1.00
2017.05.22 17:42:00.362,8.34753,8.34875,1.00,1.00
2017.05.22 17:42:00.414,8.34753,8.34844,1.00,1.00
2017.05.22 17:42:00.518,8.34694,8.34822,1.00,1.00
2017.05.22 17:42:00.621,8.34707,8.34822,1.00,1.00
2017.05.22 17:42:00.723,8.34694,8.34822,1.00,1.00
2017.05.22 17:42:00.888,8.34726,8.34841,1.00,1.00
2017.05.22 17:42:01.419,8.34738,8.34841,1.00,1.00
2017.05.22 17:42:01.673,8.34756,8.34861,1.00,1.00
2017.05.22 17:42:01.724,8.34756,8.34865,1.00,1.00
2017.05.22 17:42:02.325,8.34765,8.34865,1.00,1.00
2017.05.22 17:42:02.904,8.34771,8.34865,1.00,1.00
2017.05.22 17:42:03.187,8.34745,8.34865,1.00,1.00
2017.05.22 17:42:06.459,8.34743,8.34865,1.00,1.00
2017.05.22 17:42:07.784,8.3474,8.34865,1.00,1.00
2017.05.22 17:42:08.676,8.34745,8.34865,1.00,1.00
2017.05.22 17:42:10.168,8.34756,8.34865,1.00,1.00
2017.05.22 17:42:10.423,8.34773,8.34893,1.00,1.00
2017.05.22 17:42:11.373,8.34772,8.34893,1.00,1.00
2017.05.22 17:42:12.313,8.34776,8.34893,1.00,1.00
2017.05.22 17:42:13.371,8.3477,8.34893,1.00,1.00
2017.05.22 17:42:13.422,8.3477,8.34875,1.00,1.00
2017.05.22 17:42:13.474,8.34748,8.34875,1.00,1.00
2017.05.22 17:42:13.658,8.34748,8.34871,1.00,1.00
2017.05.22 17:42:13.709,8.34725,8.34853,1.00,1.00
2017.05.22 17:42:14.015,8.34739,8.34853,1.00,1.00
2017.05.22 17:42:14.554,8.34733,8.34853,1.00,1.00
2017.05.22 17:42:16.811,8.34728,8.34853,1.00,1.00
2017.05.22 17:42:17.455,8.34725,8.34853,1.00,1.00
2017.05.22 17:42:17.665,8.34719,8.34834,1.00,1.00
2017.05.22 17:42:18.223,8.34728,8.34834,1.00,1.00
2017.05.22 17:42:21.489,8.34737,8.34834,1.00,1.00
2017.05.22 17:42:22.359,8.34721,8.34834,1.00,1.00
2017.05.22 17:42:22.513,8.34714,8.34834,1.00,1.00
2017.05.22 17:42:23.367,8.34719,8.34834,1.00,1.00
2017.05.22 17:42:23.721,8.34706,8.34834,1.00,1.00
2017.05.22 17:42:23.772,8.34706,8.34828,1.00,1.00
2017.05.22 17:42:23.823,8.34687,8.34812,1.00,1.00
2017.05.22 17:42:23.874,8.34694,8.3481,1.00,1.00
2017.05.22 17:42:24.027,8.34694,8.34813,1.00,1.00
2017.05.22 17:42:24.130,8.34694,8.34799,1.00,1.00
2017.05.22 17:42:24.362,8.34684,8.34799,1.00,1.00
2017.05.22 17:42:24.836,8.34689,8.34799,1.00,1.00
2017.05.22 17:42:25.211,8.34694,8.34799,1.00,1.00
2017.05.22 17:42:25.633,8.34671,8.34799,1.00,1.00
2017.05.22 17:42:26.256,8.34681,8.34799,1.00,1.00
2017.05.22 17:42:26.560,8.34703,8.34799,1.00,1.00
2017.05.22 17:42:27.323,8.34697,8.34799,1.00,1.00
2017.05.22 17:42:28.150,8.34691,8.34799,1.00,1.00
2017.05.22 17:42:31.130,8.34686,8.34799,1.00,1.00
2017.05.22 17:42:31.741,8.34678,8.34799,1.00,1.00
2017.05.22 17:42:32.138,8.34685,8.34799,1.00,1.00
2017.05.22 17:42:32.421,8.34683,8.34799,1.00,1.00
2017.05.22 17:42:32.575,8.34683,8.34782,1.00,1.00
2017.05.22 17:42:33.113,8.34677,8.34782,1.00,1.00
2017.05.22 17:42:33.813,8.3467,8.34782,1.00,1.00
2017.05.22 17:42:34.522,8.34662,8.34782,1.00,1.00
2017.05.22 17:42:34.667,8.34662,8.34767,1.00,1.00
2017.05.22 17:42:34.820,8.34658,8.34767,1.00,1.00
2017.05.22 17:42:36.569,8.34659,8.34767,1.00,1.00
2017.05.22 17:42:38.016,8.34639,8.34767,1.00,1.00
2017.05.22 17:42:38.169,8.34626,8.34752,1.00,1.00
2017.05.22 17:42:38.596,8.3464,8.34736,1.00,1.00
2017.05.22 17:42:38.856,8.3464,8.34752,1.00,1.00
2017.05.22 17:42:38.970,8.3465,8.34752,1.00,1.00
2017.05.22 17:42:39.415,8.34657,8.34752,1.00,1.00
2017.05.22 17:42:39.466,8.34657,8.34767,1.00,1.00
2017.05.22 17:42:51.550,8.34655,8.34767,1.00,1.00
2017.05.22 17:42:53.489,8.34653,8.34767,1.00,1.00
2017.05.22 17:42:58.213,8.34685,8.34791,1.00,1.00
2017.05.22 17:42:59.162,8.34688,8.34791,1.00,1.00
2017.05.22 17:42:59.303,8.34674,8.34791,1.00,1.00
2017.05.22 17:42:59.685,8.34683,8.34791,1.00,1.00
2017.05.22 17:42:59.991,8.34694,8.34791,1.00,1.00
2017.05.22 17:43:06.134,8.34694,8.34805,1.00,1.00
2017.05.22 17:43:09.596,8.34707,8.34805,1.00,1.00
2017.05.22 17:43:09.763,8.34707,8.34821,1.00,1.00
2017.05.22 17:43:10.553,8.34699,8.34821,1.00,1.00
2017.05.22 17:43:14.093,8.34698,8.34821,1.00,1.00
2017.05.22 17:43:15.942,8.34702,8.34821,1.00,1.00
2017.05.22 17:43:17.155,8.34698,8.34821,1.00,1.00
2017.05.22 17:43:23.549,8.34697,8.34821,1.00,1.00
2017.05.22 17:43:26.174,8.34697,8.34818,1.00,1.00
2017.05.22 17:43:31.092,8.34702,8.34818,1.00,1.00
2017.05.22 17:43:36.639,8.34703,8.34818,1.00,1.00
2017.05.22 17:43:38.580,8.34699,8.34818,1.00,1.00
2017.05.22 17:43:44.202,8.34701,8.34818,1.00,1.00
2017.05.22 17:43:45.494,8.34708,8.34818,1.00,1.00
2017.05.22 17:43:46.103,8.34708,8.34817,1.00,1.00
2017.05.22 17:43:49.378,8.34703,8.34817,1.00,1.00
2017.05.22 17:43:51.688,8.34705,8.34817,1.00,1.00
2017.05.22 17:43:53.971,8.34701,8.34817,1.00,1.00
2017.05.22 17:43:59.233,8.34699,8.34817,1.00,1.00
2017.05.22 17:44:06.094,8.34699,8.34819,1.00,1.00
2017.05.22 17:44:06.853,8.34729,8.34834,1.00,1.00
2017.05.22 17:44:06.907,8.3473,8.34854,1.00,1.00
2017.05.22 17:44:06.977,8.3473,8.34857,1.00,1.00
2017.05.22 17:44:07.698,8.34736,8.34857,1.00,1.00
2017.05.22 17:44:08.927,8.34737,8.34857,1.00,1.00
2017.05.22 17:44:16.642,8.34746,8.34857,1.00,1.00
2017.05.22 17:44:17.101,8.34738,8.34857,1.00,1.00
2017.05.22 17:44:18.480,8.34759,8.34857,1.00,1.00
2017.05.22 17:44:18.656,8.34769,8.34877,1.00,1.00
2017.05.22 17:44:18.707,8.34769,8.34884,1.00,1.00
2017.05.22 17:44:18.914,8.34756,8.34884,1.00,1.00
2017.05.22 17:44:19.068,8.34754,8.34861,1.00,1.00
2017.05.22 17:44:19.221,8.34754,8.34876,1.00,1.00
2017.05.22 17:44:19.437,8.34749,8.34876,1.00,1.00
2017.05.22 17:44:20.242,8.34769,8.34876,1.00,1.00
2017.05.22 17:44:20.345,8.34769,8.3489,1.00,1.00
2017.05.22 17:44:21.221,8.34768,8.3489,1.00,1.00
2017.05.22 17:44:23.669,8.34769,8.3489,1.00,1.00
2017.05.22 17:44:29.243,8.34764,8.3489,1.00,1.00
2017.05.22 17:44:33.590,8.34743,8.34868,1.00,1.00
2017.05.22 17:44:33.692,8.3474,8.34868,1.00,1.00
2017.05.22 17:44:34.767,8.34725,8.34853,1.00,1.00
2017.05.22 17:44:35.681,8.34726,8.34853,1.00,1.00
2017.05.22 17:44:36.807,8.34728,8.34853,1.00,1.00
2017.05.22 17:44:42.885,8.34734,8.34853,1.00,1.00
2017.05.22 17:44:44.323,8.34732,8.34853,1.00,1.00
2017.05.22 17:44:48.723,8.34729,8.34853,1.00,1.00
2017.05.22 17:44:51.801,8.34726,8.34853,1.00,1.00
2017.05.22 17:44:52.264,8.34726,8.34851,1.50,1.00
2017.05.22 17:44:53.780,8.34729,8.34851,1.00,1.00
2017.05.22 17:44:54.363,8.34733,8.34851,1.00,1.00
2017.05.22 17:44:54.516,8.34747,8.34872,1.00,1.00
2017.05.22 17:44:54.567,8.34747,8.34874,1.00,1.00
2017.05.22 17:44:59.085,8.3476,8.34874,1.00,1.00
2017.05.22 17:44:59.187,8.34762,8.34889,1.00,1.00
2017.05.22 17:45:01.088,8.34751,8.34867,1.00,1.00
2017.05.22 17:45:01.959,8.34747,8.34867,1.00,1.00
2017.05.22 17:45:02.720,8.34739,8.34867,1.00,1.00
2017.05.22 17:45:02.872,8.34739,8.34865,1.00,1.00
2017.05.22 17:45:03.025,8.34732,8.34859,1.00,1.00
2017.05.22 17:45:06.102,8.34721,8.34845,1.00,1.00
2017.05.22 17:45:06.446,8.34726,8.34845,1.00,1.00
2017.05.22 17:45:07.265,8.34728,8.34845,1.00,1.00
2017.05.22 17:45:08.762,8.34731,8.34845,1.00,1.00
2017.05.22 17:45:10.957,8.34717,8.34827,1.00,1.00
2017.05.22 17:45:11.008,8.34702,8.34827,1.00,1.00
2017.05.22 17:45:11.110,8.34688,8.34815,1.00,1.00
2017.05.22 17:45:12.206,8.3469,8.34815,1.00,1.00
2017.05.22 17:45:12.524,8.34701,8.34815,1.00,1.00
2017.05.22 17:45:12.626,8.3471,8.34837,1.00,1.00
2017.05.22 17:45:12.728,8.34701,8.34822,1.00,1.00
2017.05.22 17:45:13.117,8.34696,8.34822,1.00,1.00
2017.05.22 17:45:13.761,8.34695,8.34819,1.00,1.00
2017.05.22 17:45:13.862,8.34673,8.348,1.00,1.00
2017.05.22 17:45:14.218,8.34668,8.34785,1.00,1.00
2017.05.22 17:45:14.655,8.34674,8.34785,1.00,1.00
2017.05.22 17:45:16.489,8.34698,8.34785,1.00,1.00
2017.05.22 17:45:16.675,8.34698,8.34804,1.00,1.00
2017.05.22 17:45:16.726,8.34698,8.34822,1.00,1.00
2017.05.22 17:45:17.448,8.34701,8.34822,1.00,1.00
2017.05.22 17:45:19.476,8.34696,8.34822,1.00,1.00
2017.05.22 17:45:21.988,8.34695,8.34822,1.00,1.00
2017.05.22 17:45:22.241,8.34675,8.34785,1.00,1.00
2017.05.22 17:45:22.292,8.3466,8.34785,1.00,1.00
2017.05.22 17:45:22.874,8.34658,8.34785,1.00,1.00
2017.05.22 17:45:22.976,8.34643,8.3477,1.00,1.00
2017.05.22 17:45:23.285,8.34659,8.34784,1.00,1.00
2017.05.22 17:45:24.496,8.34662,8.34784,1.00,1.00
2017.05.22 17:45:28.935,8.34659,8.34784,1.00,1.00
2017.05.22 17:45:29.088,8.3465,8.3477,1.00,1.00
2017.05.22 17:45:29.349,8.34643,8.3477,1.00,1.00
2017.05.22 17:45:32.649,8.34669,8.3477,1.00,1.00
2017.05.22 17:45:32.864,8.34669,8.34793,1.00,1.00
2017.05.22 17:45:33.663,8.34666,8.34793,1.00,1.00
2017.05.22 17:45:34.160,8.34666,8.34778,1.00,1.00
2017.05.22 17:45:35.705,8.34655,8.34778,1.00,1.00
2017.05.22 17:45:35.757,8.3465,8.34778,1.00,1.00
2017.05.22 17:45:35.958,8.34633,8.34756,1.00,1.00
2017.05.22 17:45:36.932,8.34635,8.34756,1.00,1.00
2017.05.22 17:45:37.580,8.3463,8.34756,1.00,1.00
2017.05.22 17:45:38.581,8.34634,8.34756,1.00,1.00
2017.05.22 17:45:39.582,8.34633,8.34756,1.00,1.00
2017.05.22 17:45:40.676,8.34646,8.34756,1.00,1.00
2017.05.22 17:45:40.880,8.34658,8.34769,1.00,1.00
2017.05.22 17:45:43.004,8.34662,8.34769,1.00,1.00
2017.05.22 17:45:44.396,8.34665,8.34769,1.00,1.00
2017.05.22 17:45:45.854,8.34683,8.34769,1.00,1.00
2017.05.22 17:45:45.905,8.34683,8.34785,1.00,1.00
2017.05.22 17:45:46.007,8.34683,8.348,1.00,1.00
2017.05.22 17:45:46.913,8.34678,8.348,1.00,1.00
2017.05.22 17:45:47.874,8.34673,8.348,1.00,1.00
2017.05.22 17:45:48.027,8.34663,8.34785,1.00,1.00
2017.05.22 17:45:48.828,8.3466,8.34785,1.00,1.00
2017.05.22 17:45:51.933,8.34658,8.34785,1.00,1.00
2017.05.22 17:46:06.124,8.34657,8.34775,1.00,1.00
2017.05.22 17:46:08.882,8.34658,8.34775,1.00,1.00
2017.05.22 17:46:14.457,8.3466,8.34775,1.00,1.00
2017.05.22 17:46:16.446,8.34662,8.34775,1.00,1.00
2017.05.22 17:46:22.021,8.3466,8.34775,1.00,1.00
2017.05.22 17:46:26.166,8.3466,8.34779,1.00,1.00
2017.05.22 17:46:36.184,8.34685,8.34779,1.00,1.00
2017.05.22 17:46:36.286,8.34685,8.34796,1.00,1.00
2017.05.22 17:46:37.178,8.34687,8.34796,1.00,1.00
2017.05.22 17:46:37.381,8.34692,8.34811,1.00,1.00
2017.05.22 17:46:38.206,8.34698,8.34811,1.00,1.00
2017.05.22 17:46:38.695,8.34706,8.34811,1.00,1.00
2017.05.22 17:46:38.898,8.34706,8.34827,1.00,1.00
2017.05.22 17:46:39.226,8.34699,8.34827,1.00,1.00
2017.05.22 17:46:41.324,8.34692,8.34812,1.00,1.00
2017.05.22 17:46:41.789,8.34685,8.34812,1.00,1.00
2017.05.22 17:46:42.950,8.3469,8.34812,1.00,1.00
2017.05.22 17:46:43.950,8.34693,8.34812,1.00,1.00
2017.05.22 17:46:44.768,8.34684,8.34806,1.00,1.00
2017.05.22 17:46:44.820,8.3467,8.34797,1.00,1.00
2017.05.22 17:46:45.022,8.34658,8.34775,1.00,1.00
2017.05.22 17:46:45.721,8.34664,8.34775,1.00,1.00
2017.05.22 17:46:52.032,8.34663,8.34775,1.00,1.00
2017.05.22 17:46:59.546,8.34662,8.34775,1.00,1.00
2017.05.22 17:47:09.002,8.3466,8.34775,1.00,1.00
2017.05.22 17:47:16.516,8.34663,8.34775,1.00,1.00
2017.05.22 17:47:22.141,8.34665,8.34775,1.00,1.00
2017.05.22 17:47:29.394,8.34694,8.3479,1.00,1.00
2017.05.22 17:47:29.445,8.34694,8.3481,1.00,1.00
2017.05.22 17:47:29.496,8.34694,8.34812,1.00,1.00
2017.05.22 17:47:30.278,8.34696,8.34812,1.00,1.00
2017.05.22 17:47:30.599,8.34703,8.34812,1.00,1.00
2017.05.22 17:47:31.546,8.34706,8.34812,1.00,1.00
2017.05.22 17:47:33.372,8.34701,8.34812,1.00,1.00
2017.05.22 17:47:35.659,8.34705,8.34812,1.00,1.00
2017.05.22 17:47:35.980,8.34698,8.34812,1.00,1.00
2017.05.22 17:47:37.121,8.347,8.34812,1.00,1.00
2017.05.22 17:47:41.026,8.34704,8.34812,1.00,1.00
2017.05.22 17:47:42.826,8.34684,8.34812,1.00,1.00
2017.05.22 17:47:42.877,8.34676,8.34786,1.00,1.00
2017.05.22 17:47:43.758,8.34672,8.34786,1.00,1.00
2017.05.22 17:47:44.735,8.34675,8.34786,1.00,1.00
2017.05.22 17:47:48.849,8.34666,8.34786,1.00,1.00
2017.05.22 17:47:49.125,8.34658,8.34786,1.00,1.00
2017.05.22 17:47:49.177,8.3465,8.34764,1.00,1.00
2017.05.22 17:47:50.109,8.34645,8.34764,1.00,1.00
2017.05.22 17:47:50.317,8.3464,8.34764,1.00,1.00
2017.05.22 17:47:50.369,8.3464,8.34749,1.00,1.00
2017.05.22 17:47:52.201,8.34637,8.34749,1.00,1.00
2017.05.22 17:47:54.092,8.3464,8.34749,1.00,1.00
2017.05.22 17:47:54.910,8.34653,8.34749,1.00,1.00
2017.05.22 17:47:55.073,8.34653,8.34768,1.00,1.00
2017.05.22 17:47:59.363,8.34658,8.34768,1.00,1.00
2017.05.22 17:48:00.122,8.3467,8.34768,1.00,1.00
2017.05.22 17:48:01.656,8.34666,8.34768,1.00,1.00
2017.05.22 17:48:04.181,8.34641,8.34768,1.00,1.00
2017.05.22 17:48:04.333,8.34639,8.34745,1.00,1.00
2017.05.22 17:48:05.139,8.34634,8.34745,1.00,1.00
2017.05.22 17:48:07.182,8.34635,8.34745,1.00,1.00
2017.05.22 17:48:08.235,8.34647,8.34745,1.00,1.00
2017.05.22 17:48:08.337,8.34647,8.34761,1.00,1.00
2017.05.22 17:48:09.214,8.34652,8.34761,1.00,1.00
2017.05.22 17:48:09.265,8.34644,8.34761,1.00,1.00
2017.05.22 17:48:09.316,8.34644,8.34745,1.00,1.00
2017.05.22 17:48:09.417,8.34635,8.34745,1.00,1.00
2017.05.22 17:48:10.661,8.34645,8.34745,1.00,1.00
2017.05.22 17:48:10.814,8.34645,8.34761,1.00,1.00
2017.05.22 17:48:10.915,8.34648,8.34773,1.00,1.00
2017.05.22 17:48:11.238,8.34655,8.34773,1.00,1.00
2017.05.22 17:48:11.615,8.34667,8.34773,1.00,1.00
2017.05.22 17:48:13.589,8.34656,8.34773,1.00,1.00
2017.05.22 17:48:13.640,8.34651,8.34773,1.00,1.00
2017.05.22 17:48:14.826,8.34669,8.34773,1.00,1.00
2017.05.22 17:48:14.978,8.34684,8.348,1.00,1.00
2017.05.22 17:48:15.130,8.34684,8.34782,1.00,1.00
2017.05.22 17:48:15.232,8.34669,8.34782,1.00,1.00
2017.05.22 17:48:17.006,8.34669,8.34766,1.00,1.00
2017.05.22 17:48:17.058,8.34647,8.34766,1.00,1.00
2017.05.22 17:48:17.210,8.34664,8.34766,1.00,1.00
2017.05.22 17:48:17.312,8.3466,8.34782,1.00,1.00
2017.05.22 17:48:17.363,8.3468,8.34782,1.00,1.00
2017.05.22 17:48:17.414,8.3468,8.34801,1.00,1.00
2017.05.22 17:48:17.465,8.3468,8.34804,1.00,1.00
2017.05.22 17:48:18.301,8.34687,8.34804,1.00,1.00
2017.05.22 17:48:20.948,8.347,8.34804,1.00,1.00
2017.05.22 17:48:20.999,8.34688,8.34804,1.00,1.00
2017.05.22 17:48:21.051,8.34692,8.34819,1.00,1.00
2017.05.22 17:48:21.102,8.34702,8.34819,1.00,1.00
2017.05.22 17:48:21.241,8.34702,8.34824,1.00,1.00
2017.05.22 17:48:21.293,8.34702,8.34826,1.00,1.00
2017.05.22 17:48:21.395,8.34717,8.34826,1.00,1.00
2017.05.22 17:48:21.547,8.34717,8.34842,1.50,1.00
2017.05.22 17:48:22.442,8.34725,8.34842,1.00,1.00
2017.05.22 17:48:23.594,8.34731,8.34842,1.00,1.00
2017.05.22 17:48:23.898,8.34766,8.34842,1.00,1.00
2017.05.22 17:48:23.949,8.34766,8.34863,1.00,1.00
2017.05.22 17:48:24.000,8.34766,8.34866,1.00,1.00
2017.05.22 17:48:24.052,8.34769,8.34886,1.00,1.00
2017.05.22 17:48:24.103,8.34779,8.34897,1.00,1.00
2017.05.22 17:48:25.053,8.34777,8.34897,1.00,1.00
2017.05.22 17:48:29.774,8.34783,8.34897,1.00,1.00
2017.05.22 17:48:37.291,8.34782,8.34897,1.00,1.00
2017.05.22 17:48:42.510,8.34804,8.34897,1.00,1.00
2017.05.22 17:48:42.562,8.34792,8.34912,1.00,1.00
2017.05.22 17:48:43.548,8.34789,8.34912,1.00,1.00
2017.05.22 17:48:44.548,8.34785,8.34912,1.50,1.00
2017.05.22 17:48:45.550,8.34789,8.34912,1.00,1.00
2017.05.22 17:48:46.042,8.34789,8.34898,1.00,1.00
2017.05.22 17:48:51.064,8.3477,8.34898,1.00,1.00
2017.05.22 17:48:52.428,8.34794,8.34898,1.00,1.00
2017.05.22 17:48:52.582,8.34794,8.34914,1.00,1.00
2017.05.22 17:48:52.851,8.34794,8.34891,1.00,1.00
2017.05.22 17:48:54.261,8.34796,8.34891,1.00,1.00
2017.05.22 17:48:54.889,8.34791,8.34891,1.00,1.00
2017.05.22 17:48:56.425,8.34789,8.34891,1.00,1.00
2017.05.22 17:48:59.834,8.34782,8.34891,1.00,1.00
2017.05.22 17:49:12.283,8.34782,8.34893,1.00,1.00
2017.05.22 17:49:20.083,8.34778,8.34893,1.00,1.00
2017.05.22 17:49:21.528,8.34774,8.34893,1.00,1.00
2017.05.22 17:49:22.501,8.34778,8.34893,1.00,1.00
2017.05.22 17:49:31.834,8.34782,8.34893,1.00,1.00
2017.05.22 17:49:32.215,8.34782,8.3489,1.00,1.00
2017.05.22 17:49:37.361,8.34783,8.3489,1.00,1.00
2017.05.22 17:49:44.924,8.34785,8.3489,1.00,1.00
2017.05.22 17:49:52.247,8.34785,8.34897,1.00,1.00
2017.05.22 17:49:59.906,8.34787,8.34897,1.00,1.00
2017.05.22 17:50:07.418,8.34788,8.34897,1.00,1.00
2017.05.22 17:50:14.980,8.34785,8.34897,1.00,1.00
2017.05.22 17:50:17.158,8.34781,8.34897,1.00,1.00
2017.05.22 17:50:22.448,8.34784,8.34897,1.00,1.00
2017.05.22 17:50:22.973,8.34792,8.34897,1.00,1.00
2017.05.22 17:50:23.024,8.34792,8.34911,1.00,1.00
2017.05.22 17:50:24.391,8.34794,8.34911,1.00,1.00
2017.05.22 17:50:24.906,8.34804,8.34911,1.00,1.00
2017.05.22 17:50:25.008,8.34814,8.34942,1.00,1.00
2017.05.22 17:50:25.778,8.34822,8.34942,1.00,1.00
2017.05.22 17:50:26.656,8.34814,8.34942,1.00,1.00
2017.05.22 17:50:26.707,8.34816,8.34942,1.00,1.00
2017.05.22 17:50:27.013,8.34857,8.34985,1.00,1.00
2017.05.22 17:50:27.419,8.34872,8.35,1.00,1.00
2017.05.22 17:50:32.459,8.34874,8.35,1.00,1.00
2017.05.22 17:50:33.416,8.34878,8.35,1.00,1.00
2017.05.22 17:50:33.758,8.34882,8.35,1.00,1.00
2017.05.22 17:50:36.807,8.34872,8.35,1.00,1.00
2017.05.22 17:50:36.857,8.34872,8.34991,1.00,1.00
2017.05.22 17:50:36.960,8.34845,8.34971,1.00,1.00
2017.05.22 17:50:37.061,8.34845,8.34969,1.00,1.00
2017.05.22 17:50:37.637,8.34845,8.34964,1.00,1.00
2017.05.22 17:50:37.943,8.3486,8.34964,1.00,1.00
2017.05.22 17:50:39.467,8.34864,8.34964,1.00,1.00
2017.05.22 17:50:41.121,8.34868,8.34964,1.00,1.00
2017.05.22 17:50:45.001,8.34866,8.34964,1.00,1.00
2017.05.22 17:50:52.371,8.34866,8.34979,1.00,1.00
2017.05.22 17:50:52.531,8.34864,8.34979,1.00,1.00
2017.05.22 17:51:00.072,8.34866,8.34979,1.00,1.00
2017.05.22 17:51:09.478,8.34867,8.34979,1.00,1.00
2017.05.22 17:51:17.312,8.34882,8.34979,1.00,1.00
2017.05.22 17:51:17.617,8.34899,8.35024,1.00,1.00
2017.05.22 17:51:18.326,8.34905,8.35024,1.00,1.00
2017.05.22 17:51:18.429,8.349,8.35024,1.00,1.00
2017.05.22 17:51:19.109,8.34896,8.35024,1.00,1.00
2017.05.22 17:51:22.887,8.34889,8.35009,1.00,1.00
2017.05.22 17:51:24.508,8.34885,8.35009,1.00,1.00
2017.05.22 17:51:25.509,8.34882,8.35009,1.00,1.00
2017.05.22 17:51:25.950,8.34895,8.35009,1.00,1.00
2017.05.22 17:51:26.103,8.34896,8.35024,1.00,1.00
2017.05.22 17:51:26.928,8.34899,8.35024,1.00,1.00
2017.05.22 17:51:30.113,8.34898,8.35024,1.00,1.00
2017.05.22 17:51:31.936,8.34896,8.35024,1.00,1.00
2017.05.22 17:51:32.038,8.34882,8.35008,1.00,1.00
2017.05.22 17:51:33.656,8.34892,8.35008,1.00,1.00
2017.05.22 17:51:34.056,8.34898,8.35008,1.00,1.00
2017.05.22 17:51:34.616,8.34892,8.35008,1.00,1.00
2017.05.22 17:51:37.623,8.34891,8.35008,1.00,1.00
2017.05.22 17:51:39.587,8.34892,8.35008,1.00,1.00
2017.05.22 17:51:40.109,8.34897,8.35008,1.00,1.00
2017.05.22 17:51:46.186,8.34897,8.35023,1.00,1.00
2017.05.22 17:51:56.275,8.34896,8.35023,1.00,1.00
2017.05.22 17:51:56.484,8.34875,8.34991,1.00,1.00
2017.05.22 17:51:56.757,8.34867,8.34991,1.00,1.00
2017.05.22 17:52:00.879,8.34875,8.34991,1.00,1.00
2017.05.22 17:52:01.264,8.34879,8.35005,1.00,1.00
2017.05.22 17:52:09.051,8.34879,8.34977,1.00,1.00
2017.05.22 17:52:09.103,8.34857,8.34961,1.00,1.00
2017.05.22 17:52:09.205,8.34814,8.34939,1.00,1.00
2017.05.22 17:52:09.474,8.34814,8.34936,1.00,1.00
2017.05.22 17:52:10.056,8.348,8.34917,1.00,1.00
2017.05.22 17:52:11.218,8.34796,8.34917,1.00,1.00
2017.05.22 17:52:12.248,8.34792,8.34917,1.00,1.00
2017.05.22 17:52:12.597,8.34789,8.34917,1.00,1.00
2017.05.22 17:52:15.172,8.3479,8.34917,1.00,1.00
2017.05.22 17:52:17.618,8.34799,8.34917,1.00,1.00
2017.05.22 17:52:17.719,8.34789,8.34917,1.00,1.00
2017.05.22 17:52:17.821,8.34812,8.34939,1.00,1.00
2017.05.22 17:52:18.187,8.34844,8.34939,1.00,1.00
2017.05.22 17:52:18.238,8.34844,8.34964,1.00,1.00
2017.05.22 17:52:18.340,8.34851,8.34976,1.00,1.00
2017.05.22 17:52:22.412,8.34852,8.34976,1.00,1.00
2017.05.22 17:52:22.463,8.34862,8.34976,1.00,1.00
2017.05.22 17:52:22.515,8.34863,8.34991,1.00,1.00
2017.05.22 17:52:22.566,8.34871,8.34991,1.00,1.00
2017.05.22 17:52:22.718,8.34885,8.35013,1.00,1.00
2017.05.22 17:52:22.769,8.34891,8.35013,1.00,1.00
2017.05.22 17:52:23.074,8.34849,8.3497,1.00,1.00
2017.05.22 17:52:23.328,8.34905,8.3503,1.00,1.00
2017.05.22 17:52:23.765,8.34905,8.35032,1.00,1.00
2017.05.22 17:52:24.262,8.34908,8.35032,1.00,1.00
2017.05.22 17:52:24.979,8.34922,8.35032,1.00,1.00
2017.05.22 17:52:25.030,8.34922,8.35047,1.00,1.00
2017.05.22 17:52:25.132,8.3492,8.35047,1.00,1.00
2017.05.22 17:52:25.370,8.34914,8.35032,1.00,1.00
2017.05.22 17:52:25.947,8.34909,8.35032,1.00,1.00
2017.05.22 17:52:29.295,8.34913,8.35032,1.00,1.00
2017.05.22 17:52:29.346,8.34927,8.35055,1.00,1.00
2017.05.22 17:52:30.569,8.34918,8.3504,1.00,1.00
2017.05.22 17:52:31.354,8.34913,8.3504,1.00,1.00
2017.05.22 17:52:31.927,8.34912,8.3504,1.00,1.00
2017.05.22 17:52:46.177,8.34908,8.35036,1.00,1.00
2017.05.22 17:53:06.102,8.34906,8.35031,1.00,1.00
2017.05.22 17:53:36.994,8.34892,8.35019,1.00,1.00
2017.05.22 17:53:45.400,8.34891,8.35019,1.00,1.00
2017.05.22 17:53:52.272,8.34882,8.3501,1.00,1.00
2017.05.22 17:53:57.850,8.3489,8.3501,1.00,1.00
2017.05.22 17:54:00.382,8.34891,8.3501,1.00,1.00
2017.05.22 17:54:09.837,8.3489,8.3501,1.00,1.00
2017.05.22 17:54:12.410,8.34891,8.35019,1.00,1.00
2017.05.22 17:54:15.551,8.34894,8.35019,1.00,1.00
2017.05.22 17:54:22.978,8.34893,8.35019,1.00,1.00
2017.05.22 17:54:32.371,8.34893,8.35017,1.00,1.00
2017.05.22 17:54:32.422,8.34891,8.35017,1.50,1.00
2017.05.22 17:54:37.958,8.34893,8.35017,1.00,1.00
2017.05.22 17:54:41.546,8.34891,8.35017,1.00,1.00
2017.05.22 17:54:41.748,8.34874,8.34996,1.00,1.00
2017.05.22 17:54:42.155,8.34883,8.3501,1.00,1.00
2017.05.22 17:54:42.451,8.34868,8.34996,1.00,1.00
2017.05.22 17:54:45.520,8.34873,8.34996,1.00,1.00
2017.05.22 17:54:47.932,8.34868,8.34996,1.00,1.00
2017.05.22 17:54:48.185,8.3486,8.34981,1.00,1.00
2017.05.22 17:54:50.152,8.34865,8.34981,1.00,1.00
2017.05.22 17:54:50.624,8.3487,8.34981,1.00,1.00
2017.05.22 17:54:53.037,8.34871,8.34981,1.00,1.00
2017.05.22 17:55:01.841,8.34892,8.34981,1.00,1.00
2017.05.22 17:55:01.892,8.34892,8.35001,1.00,1.00
2017.05.22 17:55:01.943,8.34892,8.35003,1.00,1.00
2017.05.22 17:55:02.866,8.34889,8.35003,1.00,1.00
2017.05.22 17:55:03.802,8.34897,8.35003,1.00,1.00
2017.05.22 17:55:04.207,8.34902,8.35003,1.00,1.00
2017.05.22 17:55:04.804,8.34908,8.35003,1.00,1.00
2017.05.22 17:55:06.085,8.34908,8.35017,1.00,1.00
2017.05.22 17:55:08.021,8.34909,8.35017,1.00,1.00
2017.05.22 17:55:09.263,8.34891,8.35017,1.00,1.00
2017.05.22 17:55:09.449,8.34892,8.34996,1.00,1.00
2017.05.22 17:55:09.500,8.34892,8.3501,1.00,1.00
2017.05.22 17:55:10.345,8.34889,8.3501,1.00,1.00
2017.05.22 17:55:12.370,8.34888,8.3501,1.00,1.00
2017.05.22 17:55:15.582,8.34886,8.3501,1.00,1.00
2017.05.22 17:55:22.623,8.34883,8.3501,1.00,1.00
2017.05.22 17:55:22.674,8.34889,8.3501,1.00,1.00
2017.05.22 17:55:22.995,8.34889,8.34993,1.00,1.00
2017.05.22 17:55:25.092,8.34881,8.34993,1.00,1.00
2017.05.22 17:55:25.345,8.34895,8.34993,1.00,1.00
2017.05.22 17:55:25.447,8.34895,8.35015,1.00,1.00
2017.05.22 17:55:26.102,8.34889,8.35015,1.00,1.00
2017.05.22 17:55:26.607,8.34888,8.35015,1.00,1.00
2017.05.22 17:55:38.924,8.34892,8.35015,1.00,1.00
2017.05.22 17:55:39.127,8.3489,8.35015,1.00,1.00
2017.05.22 17:55:39.654,8.34888,8.35015,1.00,1.00
2017.05.22 17:55:39.706,8.34895,8.35015,1.00,1.00
2017.05.22 17:55:41.361,8.34899,8.35015,1.00,1.00
2017.05.22 17:55:41.757,8.34909,8.35015,1.00,1.00
2017.05.22 17:55:45.593,8.34907,8.35015,1.00,1.00
2017.05.22 17:55:46.138,8.34907,8.35024,1.00,1.00
2017.05.22 17:55:53.110,8.34905,8.35024,1.00,1.00
2017.05.22 17:56:06.064,8.34905,8.35027,1.00,1.00
2017.05.22 17:56:10.079,8.34904,8.35027,1.00,1.00
2017.05.22 17:56:17.952,8.3491,8.35027,1.00,1.00
2017.05.22 17:56:19.910,8.34906,8.35027,1.00,1.00
2017.05.22 17:56:30.732,8.34909,8.35027,1.00,1.00
2017.05.22 17:56:32.674,8.34902,8.35027,1.00,1.00
2017.05.22 17:56:33.939,8.34917,8.35042,1.00,1.00
2017.05.22 17:56:39.260,8.34924,8.35042,1.00,1.00
2017.05.22 17:56:39.570,8.3494,8.35057,1.00,1.00
2017.05.22 17:56:40.334,8.34941,8.35057,1.00,1.00
2017.05.22 17:56:42.321,8.34938,8.35057,1.00,1.00
2017.05.22 17:56:43.264,8.34941,8.35057,1.00,1.00
2017.05.22 17:56:51.133,8.34969,8.35077,1.00,1.00
2017.05.22 17:56:51.184,8.34969,8.35092,1.00,1.00
2017.05.22 17:56:51.235,8.34979,8.35107,1.00,1.00
2017.05.22 17:56:52.273,8.34982,8.35107,1.00,1.00
2017.05.22 17:56:53.092,8.34979,8.35107,1.00,1.00
2017.05.22 17:56:53.351,8.34981,8.35107,1.00,1.00
2017.05.22 17:56:55.169,8.34982,8.35107,1.00,1.00
2017.05.22 17:56:56.041,8.34979,8.35107,1.00,1.00
2017.05.22 17:56:56.839,8.34979,8.35097,1.00,1.00
2017.05.22 17:56:56.890,8.34979,8.35106,1.00,1.00
2017.05.22 17:56:56.941,8.34962,8.35088,1.00,1.00
2017.05.22 17:57:01.235,8.34964,8.35088,1.00,1.00
2017.05.22 17:57:01.387,8.34979,8.35104,1.00,1.00
2017.05.22 17:57:02.724,8.34976,8.35104,1.00,1.00
2017.05.22 17:57:08.310,8.34977,8.35104,1.00,1.00
2017.05.22 17:57:08.645,8.34982,8.35104,1.00,1.00
2017.05.22 17:57:09.097,8.34991,8.35118,1.00,1.00
2017.05.22 17:57:09.426,8.34993,8.35118,1.00,1.00
2017.05.22 17:57:10.760,8.34991,8.35118,1.00,1.00
2017.05.22 17:57:19.718,8.34965,8.35093,1.00,1.00
2017.05.22 17:57:19.921,8.34958,8.35068,1.00,1.00
2017.05.22 17:57:20.276,8.34962,8.35088,1.00,1.00
2017.05.22 17:57:22.159,8.34962,8.35089,1.00,1.00
2017.05.22 17:57:22.758,8.34969,8.35089,1.00,1.00
2017.05.22 17:57:23.767,8.34974,8.35089,1.00,1.00
2017.05.22 17:57:25.229,8.34972,8.35089,1.00,1.00
2017.05.22 17:57:30.224,8.34971,8.35089,1.00,1.00
2017.05.22 17:57:30.275,8.34962,8.35089,1.00,1.00
2017.05.22 17:57:30.326,8.34962,8.35076,1.00,1.00
2017.05.22 17:57:30.631,8.34966,8.35045,1.00,1.00
2017.05.22 17:57:30.733,8.34968,8.35096,1.00,1.00
2017.05.22 17:57:31.427,8.34954,8.35072,1.00,1.00
2017.05.22 17:57:31.870,8.34959,8.35072,1.00,1.00
2017.05.22 17:57:32.748,8.3496,8.35072,1.00,1.00
2017.05.22 17:57:33.273,8.34956,8.35072,1.00,1.00
2017.05.22 17:57:33.747,8.3496,8.35072,1.00,1.00
2017.05.22 17:57:40.208,8.34955,8.35072,1.00,1.00
2017.05.22 17:57:44.341,8.34966,8.35072,1.00,1.00
2017.05.22 17:57:44.544,8.34965,8.35093,1.00,1.00
2017.05.22 17:57:46.377,8.34967,8.35093,1.00,1.00
2017.05.22 17:57:47.860,8.34965,8.35093,1.00,1.00
2017.05.22 17:57:51.632,8.34978,8.35093,1.00,1.00
2017.05.22 17:57:51.734,8.34989,8.35115,1.00,1.00
2017.05.22 17:57:53.224,8.34997,8.35115,1.00,1.00
2017.05.22 17:57:54.196,8.35005,8.35115,1.00,1.00
2017.05.22 17:57:54.399,8.34998,8.35115,1.00,1.00
2017.05.22 17:57:54.450,8.35006,8.35134,1.00,1.00
2017.05.22 17:58:04.042,8.35016,8.35134,1.00,1.00
2017.05.22 17:58:04.194,8.35029,8.35154,1.00,1.00
2017.05.22 17:58:04.342,8.35016,8.35141,1.00,1.00
2017.05.22 17:58:04.393,8.35014,8.35141,1.00,1.00
2017.05.22 17:58:04.495,8.35004,8.35126,1.00,1.00
2017.05.22 17:58:04.598,8.35014,8.35141,1.00,1.00
2017.05.22 17:58:04.649,8.35021,8.35141,1.00,1.00
2017.05.22 17:58:05.646,8.35018,8.35141,1.00,1.00
2017.05.22 17:58:06.000,8.35027,8.35141,1.00,1.00
2017.05.22 17:58:06.203,8.3503,8.35155,1.00,1.00
2017.05.22 17:58:07.378,8.35031,8.35155,1.00,1.00
2017.05.22 17:58:08.159,8.3503,8.35155,1.00,1.00
2017.05.22 17:58:08.736,8.35047,8.35155,1.00,1.00
2017.05.22 17:58:08.879,8.35058,8.35186,1.00,1.00
2017.05.22 17:58:11.114,8.35062,8.35186,1.00,1.00
2017.05.22 17:58:11.644,8.35058,8.35186,1.00,1.00
2017.05.22 17:58:12.236,8.35058,8.35183,1.00,1.00
2017.05.22 17:58:12.287,8.35043,8.35171,1.00,1.00
2017.05.22 17:58:12.642,8.35053,8.35171,1.00,1.00
2017.05.22 17:58:13.211,8.35043,8.35171,1.00,1.00
2017.05.22 17:58:23.623,8.35043,8.35149,1.00,1.00
2017.05.22 17:58:23.725,8.35023,8.35137,1.00,1.00
2017.05.22 17:58:23.878,8.35023,8.35126,1.00,1.00
2017.05.22 17:58:23.929,8.3499,8.35106,1.00,1.00
2017.05.22 17:58:24.629,8.34987,8.35106,1.00,1.00
2017.05.22 17:58:25.369,8.34979,8.35106,1.00,1.00
2017.05.22 17:58:25.420,8.34981,8.35106,1.00,1.00
2017.05.22 17:58:26.434,8.34979,8.35106,1.50,1.00
2017.05.22 17:58:26.739,8.34986,8.35106,1.00,1.00
2017.05.22 17:58:27.043,8.34979,8.35106,1.00,1.00
2017.05.22 17:58:28.446,8.34982,8.35106,1.00,1.00
2017.05.22 17:58:29.413,8.34986,8.35106,1.00,1.00
2017.05.22 17:58:29.642,8.3498,8.35106,1.00,1.00
2017.05.22 17:58:29.846,8.34964,8.35091,1.00,1.00
2017.05.22 17:58:30.599,8.34969,8.35091,1.00,1.00
2017.05.22 17:58:30.952,8.34964,8.35091,1.00,1.00
2017.05.22 17:58:35.280,8.34983,8.35091,1.00,1.00
2017.05.22 17:58:35.432,8.34987,8.35111,1.00,1.00
2017.05.22 17:58:35.534,8.34987,8.35113,1.00,1.00
2017.05.22 17:58:36.240,8.3499,8.35113,1.00,1.00
2017.05.22 17:58:39.490,8.34993,8.35113,1.00,1.00
2017.05.22 17:58:45.222,8.34997,8.35113,1.00,1.00
2017.05.22 17:58:45.324,8.34987,8.35113,1.50,1.00
2017.05.22 17:58:51.159,8.34983,8.35102,1.00,1.00
2017.05.22 17:58:53.487,8.34985,8.35102,1.00,1.00
2017.05.22 17:58:55.459,8.34982,8.35102,1.00,1.00
2017.05.22 17:58:56.320,8.34975,8.35102,1.00,1.00
2017.05.22 17:58:57.280,8.34977,8.35102,1.00,1.00
2017.05.22 17:58:57.986,8.34975,8.35102,1.00,1.00
2017.05.22 17:58:58.088,8.3496,8.35086,1.50,1.00
2017.05.22 17:58:58.410,8.34955,8.35072,1.00,1.00
2017.05.22 17:58:58.801,8.34963,8.35072,1.00,1.00
2017.05.22 17:58:59.862,8.34959,8.35072,1.00,1.00
2017.05.22 17:59:00.198,8.34952,8.35072,1.00,1.00
2017.05.22 17:59:00.301,8.34944,8.35072,1.00,1.00
2017.05.22 17:59:00.863,8.34929,8.35056,1.00,1.00
2017.05.22 17:59:01.613,8.34929,8.35055,1.00,1.00
2017.05.22 17:59:02.156,8.34929,8.35056,1.00,1.00
2017.05.22 17:59:04.469,8.34953,8.35075,1.00,1.00
2017.05.22 17:59:04.570,8.34953,8.3508,1.00,1.00
2017.05.22 17:59:18.287,8.34966,8.35093,1.00,1.00
2017.05.22 17:59:20.091,8.34946,8.3507,1.00,1.00
2017.05.22 17:59:22.234,8.34945,8.3507,1.00,1.00
2017.05.22 17:59:22.395,8.3493,8.35057,1.00,1.00
2017.05.22 17:59:22.705,8.34944,8.35071,1.00,1.00
2017.05.22 17:59:23.097,8.3493,8.35064,1.00,1.00
2017.05.22 17:59:24.066,8.34929,8.35064,1.00,1.00
2017.05.22 17:59:25.241,8.34931,8.35064,1.00,1.00
2017.05.22 17:59:25.565,8.34933,8.35064,1.00,1.00
2017.05.22 17:59:26.138,8.34944,8.35071,1.00,1.00
2017.05.22 17:59:26.525,8.34929,8.35057,1.00,1.00
2017.05.22 17:59:30.693,8.34931,8.35057,1.00,1.00
2017.05.22 17:59:31.673,8.34932,8.35057,1.00,1.00
2017.05.22 17:59:32.112,8.34945,8.3507,1.00,1.00
2017.05.22 17:59:32.449,8.3495,8.3507,1.00,1.00
2017.05.22 17:59:32.500,8.34945,8.3507,1.50,1.00
2017.05.22 17:59:41.028,8.34927,8.35053,1.00,1.00
2017.05.22 17:59:42.822,8.34938,8.35053,1.00,1.00
2017.05.22 17:59:42.974,8.34927,8.35053,1.50,1.00
2017.05.22 17:59:43.025,8.34934,8.35053,1.00,1.00
2017.05.22 17:59:43.759,8.34939,8.35053,1.00,1.00
2017.05.22 17:59:44.714,8.34944,8.35053,1.00,1.00
2017.05.22 17:59:44.944,8.3493,8.35053,1.00,1.00
2017.05.22 17:59:45.197,8.34938,8.35053,1.00,1.00
2017.05.22 17:59:46.039,8.34934,8.35053,1.00,1.00
2017.05.22 17:59:48.407,8.34943,8.35053,1.00,1.00
2017.05.22 17:59:53.657,8.34938,8.35053,1.00,1.00
2017.05.22 17:59:54.433,8.34946,8.35053,1.00,1.00
2017.05.22 17:59:55.530,8.3495,8.35053,1.00,1.00
