2015.01.13 18:00:00.041,7.74733,7.75068,1.26,1.00
2015.01.13 18:00:00.344,7.74732,7.75068,1.55,1.07
2015.01.13 18:00:00.859,7.74722,7.75058,1.18,1.07
2015.01.13 18:00:00.960,7.74732,7.75067,1.18,1.07
2015.01.13 18:00:01.061,7.74742,7.75083,1.18,1.12
2015.01.13 18:00:01.163,7.74742,7.75088,1.18,1.75
2015.01.13 18:00:01.456,7.74742,7.75078,1.18,1.00
2015.01.13 18:00:01.552,7.74732,7.75078,1.55,1.00
2015.01.13 18:00:01.604,7.74732,7.75087,1.55,1.75
2015.01.13 18:00:01.705,7.74743,7.75087,1.18,1.75
2015.01.13 18:00:03.300,7.74752,7.75087,1.18,1.75
2015.01.13 18:00:03.648,7.74752,7.75078,1.18,1.00
2015.01.13 18:00:03.699,7.74752,7.75088,1.18,1.37
2015.01.13 18:00:04.453,7.74753,7.75077,1.18,1.00
2015.01.13 18:00:05.161,7.74752,7.75077,1.18,1.00
2015.01.13 18:00:05.280,7.74723,7.75077,1.18,1.37
2015.01.13 18:00:05.331,7.74723,7.75048,1.18,1.00
2015.01.13 18:00:05.639,7.74723,7.75028,1.18,1.00
2015.01.13 18:00:05.943,7.74712,7.75018,1.18,1.00
2015.01.13 18:00:06.006,7.74692,7.75018,1.18,1.00
2015.01.13 18:00:06.518,7.74693,7.75018,1.18,1.00
2015.01.13 18:00:07.056,7.74692,7.75018,1.18,1.00
2015.01.13 18:00:08.758,7.74703,7.75018,1.18,1.00
2015.01.13 18:00:09.777,7.74692,7.75018,1.18,1.00
2015.01.13 18:00:13.557,7.74692,7.75017,1.18,1.00
2015.01.13 18:00:14.252,7.74682,7.75008,1.93,1.00
2015.01.13 18:00:14.303,7.74682,7.75008,1.18,1.00
2015.01.13 18:00:14.455,7.74672,7.75008,1.18,1.00
2015.01.13 18:00:14.656,7.74672,7.74998,1.18,1.00
2015.01.13 18:00:15.070,7.74652,7.74998,1.93,1.00
2015.01.13 18:00:15.121,7.74652,7.74998,1.18,1.00
2015.01.13 18:00:15.222,7.74652,7.74978,1.18,1.00
2015.01.13 18:00:19.935,7.74652,7.74968,1.18,1.00
2015.01.13 18:00:20.044,7.74642,7.74968,1.18,1.00
2015.01.13 18:00:22.172,7.74652,7.74968,1.18,1.00
2015.01.13 18:00:22.356,7.74652,7.74978,1.18,1.00
2015.01.13 18:00:22.466,7.74652,7.74967,1.18,1.00
2015.01.13 18:00:22.517,7.74642,7.74967,1.18,1.00
2015.01.13 18:00:24.711,7.74652,7.74967,1.18,1.00
2015.01.13 18:00:25.115,7.74642,7.74967,1.18,1.00
2015.01.13 18:00:25.335,7.74652,7.74967,1.18,1.00
2015.01.13 18:00:25.440,7.74643,7.74967,1.18,1.00
2015.01.13 18:00:26.480,7.74622,7.74967,1.18,1.00
2015.01.13 18:00:26.581,7.74613,7.74928,1.55,1.00
2015.01.13 18:00:27.434,7.74612,7.74938,1.93,1.00
2015.01.13 18:00:27.485,7.74622,7.74938,1.18,1.00
2015.01.13 18:00:27.586,7.74612,7.74937,1.93,1.00
2015.01.13 18:00:27.681,7.74623,7.74937,1.18,1.00
2015.01.13 18:00:28.362,7.74622,7.74937,1.18,1.00
2015.01.13 18:00:28.422,7.74622,7.74948,1.18,1.00
2015.01.13 18:00:28.741,7.74622,7.74958,1.18,1.00
2015.01.13 18:00:28.831,7.74632,7.74958,1.18,1.00
2015.01.13 18:00:29.702,7.74633,7.74958,1.18,1.00
2015.01.13 18:00:30.289,7.74632,7.74958,1.18,1.00
2015.01.13 18:00:31.908,7.74633,7.74958,1.18,1.00
2015.01.13 18:00:32.417,7.74632,7.74958,1.18,1.00
2015.01.13 18:00:36.168,7.74643,7.74958,1.18,1.00
2015.01.13 18:00:36.246,7.74643,7.74967,1.18,1.37
2015.01.13 18:00:36.297,7.74643,7.74967,1.93,1.37
2015.01.13 18:00:36.348,7.74643,7.74967,1.93,1.00
2015.01.13 18:00:36.399,7.74662,7.75008,1.93,1.56
2015.01.13 18:00:36.507,7.74662,7.75008,1.93,1.00
2015.01.13 18:00:36.810,7.74662,7.75008,1.93,1.00
2015.01.13 18:00:37.486,7.74672,7.74997,1.93,1.00
2015.01.13 18:00:37.594,7.74673,7.75008,1.93,1.00
2015.01.13 18:00:40.537,7.74683,7.75007,1.55,1.00
2015.01.13 18:00:40.689,7.74672,7.75007,1.18,1.00
2015.01.13 18:00:40.740,7.74662,7.75007,1.93,1.00
2015.01.13 18:00:40.791,7.74662,7.74988,1.18,1.00
2015.01.13 18:00:40.842,7.74652,7.74988,1.18,1.00
2015.01.13 18:00:40.893,7.74652,7.74948,1.18,1.00
2015.01.13 18:00:40.944,7.74622,7.74948,1.93,1.00
2015.01.13 18:00:41.746,7.74622,7.74947,1.93,1.00
2015.01.13 18:00:42.075,7.74622,7.74958,1.93,1.00
2015.01.13 18:00:44.058,7.74632,7.74968,1.55,1.07
2015.01.13 18:00:45.394,7.74632,7.74968,1.18,1.07
2015.01.13 18:00:45.601,7.74632,7.74968,1.55,1.07
2015.01.13 18:00:46.647,7.74643,7.74968,1.18,1.07
2015.01.13 18:00:46.798,7.74653,7.74998,1.55,1.37
2015.01.13 18:00:47.916,7.74662,7.74988,1.00,1.00
2015.01.13 18:00:48.220,7.74672,7.74998,1.75,1.00
2015.01.13 18:00:48.271,7.74682,7.75008,1.75,1.00
2015.01.13 18:00:49.453,7.74682,7.74997,1.93,1.00
2015.01.13 18:00:50.545,7.74683,7.75007,1.75,1.00
2015.01.13 18:00:51.177,7.74683,7.75007,1.00,1.00
2015.01.13 18:00:51.228,7.74672,7.74968,1.18,1.00
2015.01.13 18:00:51.279,7.74652,7.74968,1.18,1.00
2015.01.13 18:00:51.380,7.74662,7.74968,1.18,1.00
2015.01.13 18:00:51.461,7.74652,7.74968,1.18,1.00
2015.01.13 18:00:51.695,7.74652,7.74958,1.18,1.00
2015.01.13 18:00:52.078,7.74642,7.74948,1.18,1.00
2015.01.13 18:00:52.336,7.74643,7.74958,1.18,1.00
2015.01.13 18:00:52.392,7.74632,7.74958,1.19,1.00
2015.01.13 18:00:52.443,7.74632,7.74958,1.00,1.00
2015.01.13 18:00:52.545,7.74632,7.74949,1.00,1.12
2015.01.13 18:00:52.646,7.74603,7.74917,1.18,1.00
2015.01.13 18:00:53.076,7.74603,7.74907,1.18,1.00
2015.01.13 18:00:53.833,7.74592,7.74907,1.18,1.00
2015.01.13 18:00:53.935,7.74583,7.74907,1.00,1.00
2015.01.13 18:00:53.986,7.74582,7.74898,1.18,1.00
2015.01.13 18:00:54.338,7.74592,7.74898,1.18,1.00
2015.01.13 18:00:55.055,7.74592,7.74908,1.18,1.00
2015.01.13 18:00:57.587,7.74592,7.74907,1.18,1.00
2015.01.13 18:00:58.466,7.74592,7.74867,1.18,1.00
2015.01.13 18:00:59.009,7.74572,7.74867,1.18,1.00
2015.01.13 18:00:59.272,7.74582,7.74867,1.18,1.00
2015.01.13 18:00:59.345,7.74582,7.74887,1.18,1.00
2015.01.13 18:01:00.268,7.74553,7.74867,1.18,1.00
2015.01.13 18:01:00.369,7.74552,7.74878,1.93,1.00
2015.01.13 18:01:00.470,7.74572,7.74908,1.63,1.37
2015.01.13 18:01:00.579,7.74572,7.74918,1.63,1.07
2015.01.13 18:01:00.801,7.74582,7.74918,1.25,1.00
2015.01.13 18:01:00.902,7.74582,7.74918,2.00,1.00
2015.01.13 18:01:01.366,7.74582,7.74918,2.00,1.00
2015.01.13 18:01:01.467,7.74612,7.74928,1.18,1.07
2015.01.13 18:01:01.645,7.74612,7.74928,1.18,1.00
2015.01.13 18:01:01.816,7.74612,7.74928,1.93,1.00
2015.01.13 18:01:01.917,7.74632,7.74948,1.18,1.07
2015.01.13 18:01:02.304,7.74622,7.74937,1.18,1.10
2015.01.13 18:01:02.921,7.74632,7.74937,1.18,1.10
2015.01.13 18:01:04.552,7.74642,7.74937,1.18,1.10
2015.01.13 18:01:04.955,7.74642,7.74928,1.18,1.00
2015.01.13 18:01:05.259,7.74633,7.74928,1.18,1.00
2015.01.13 18:01:05.310,7.74633,7.74898,1.18,1.00
2015.01.13 18:01:05.411,7.74612,7.74898,1.18,1.00
2015.01.13 18:01:05.943,7.74612,7.74898,1.18,1.07
2015.01.13 18:01:05.994,7.74612,7.74888,1.18,1.00
2015.01.13 18:01:06.197,7.74602,7.74888,1.18,1.00
2015.01.13 18:01:06.299,7.74612,7.74877,1.18,1.00
2015.01.13 18:01:06.400,7.74602,7.74877,1.18,1.00
2015.01.13 18:01:06.505,7.74592,7.74877,1.18,1.00
2015.01.13 18:01:09.238,7.74592,7.74858,1.18,1.00
2015.01.13 18:01:09.289,7.74522,7.74858,1.26,1.37
2015.01.13 18:01:09.441,7.74524,7.74847,1.75,1.37
2015.01.13 18:01:09.492,7.74544,7.74847,1.12,1.00
2015.01.13 18:01:10.062,7.74545,7.74847,1.00,1.00
2015.01.13 18:01:10.246,7.74545,7.74838,1.00,1.00
2015.01.13 18:01:11.431,7.74552,7.74838,1.18,1.00
2015.01.13 18:01:11.775,7.74552,7.74847,1.18,1.00
2015.01.13 18:01:11.996,7.74552,7.74838,1.18,1.00
2015.01.13 18:01:12.430,7.74562,7.74838,1.18,1.00
2015.01.13 18:01:13.028,7.74552,7.74838,1.18,1.00
2015.01.13 18:01:13.129,7.74552,7.74828,1.18,1.00
2015.01.13 18:01:13.916,7.74552,7.74828,1.93,1.00
2015.01.13 18:01:15.625,7.74562,7.74818,1.55,1.00
2015.01.13 18:01:15.966,7.74552,7.74828,1.93,1.00
2015.01.13 18:01:17.055,7.74563,7.74838,1.55,1.00
2015.01.13 18:01:18.817,7.74563,7.74848,1.55,1.00
2015.01.13 18:01:19.454,7.74573,7.74848,1.18,1.00
2015.01.13 18:01:21.668,7.74572,7.74848,1.93,1.00
2015.01.13 18:01:21.820,7.74583,7.74888,1.93,1.07
2015.01.13 18:01:21.871,7.74593,7.74888,1.93,1.07
2015.01.13 18:01:21.922,7.74593,7.74888,2.03,1.00
2015.01.13 18:01:22.074,7.74582,7.74888,2.00,1.00
2015.01.13 18:01:22.125,7.74582,7.74908,2.00,1.07
2015.01.13 18:01:22.226,7.74556,7.74908,1.12,1.37
2015.01.13 18:01:24.035,7.74556,7.74868,1.12,1.00
2015.01.13 18:01:24.797,7.74556,7.74858,1.12,1.00
2015.01.13 18:01:27.183,7.74578,7.74887,1.12,1.00
2015.01.13 18:01:27.284,7.74584,7.74887,1.01,1.00
2015.01.13 18:01:27.335,7.74584,7.74917,1.01,1.37
2015.01.13 18:01:27.386,7.74623,7.74917,1.12,1.00
2015.01.13 18:01:27.437,7.74623,7.74948,1.12,1.07
2015.01.13 18:01:27.589,7.74632,7.74968,1.82,1.37
2015.01.13 18:01:27.640,7.74642,7.74968,1.12,1.00
2015.01.13 18:01:31.245,7.74653,7.74958,1.93,1.00
2015.01.13 18:01:31.355,7.74653,7.74968,1.93,1.00
2015.01.13 18:01:31.565,7.74653,7.74968,1.93,1.00
2015.01.13 18:01:31.818,7.74683,7.74998,1.12,1.00
2015.01.13 18:01:31.920,7.74699,7.75008,1.12,1.00
2015.01.13 18:01:32.223,7.74676,7.75008,1.75,1.37
2015.01.13 18:01:32.968,7.74682,7.74998,1.93,1.10
2015.01.13 18:01:35.306,7.74693,7.75008,1.93,1.37
2015.01.13 18:01:35.625,7.74712,7.75048,2.38,1.37
2015.01.13 18:01:35.792,7.74712,7.75038,1.93,1.75
2015.01.13 18:01:35.894,7.74702,7.75018,1.93,1.37
2015.01.13 18:01:36.197,7.74682,7.74998,1.93,1.75
2015.01.13 18:01:39.987,7.74692,7.74998,1.93,1.75
2015.01.13 18:01:40.038,7.74697,7.74998,1.12,1.00
2015.01.13 18:01:40.089,7.74723,7.75057,1.75,1.75
2015.01.13 18:01:40.191,7.74772,7.75108,1.75,1.75
2015.01.13 18:01:40.293,7.74773,7.75107,1.75,1.75
2015.01.13 18:01:40.405,7.74792,7.75128,1.75,1.37
2015.01.13 18:01:40.507,7.74802,7.75138,1.75,1.75
2015.01.13 18:01:40.608,7.74802,7.75138,1.75,1.37
2015.01.13 18:01:41.290,7.74802,7.75138,1.75,1.37
2015.01.13 18:01:41.470,7.74802,7.75138,1.75,1.75
2015.01.13 18:01:41.622,7.74782,7.75108,1.75,1.37
2015.01.13 18:01:41.723,7.74763,7.75088,1.75,1.37
2015.01.13 18:01:41.927,7.74772,7.75108,2.38,1.37
2015.01.13 18:01:42.325,7.74782,7.75118,2.38,1.75
2015.01.13 18:01:43.499,7.74793,7.75128,1.93,1.75
2015.01.13 18:01:43.803,7.74813,7.75147,1.75,1.75
2015.01.13 18:01:45.956,7.74812,7.75118,1.93,1.37
2015.01.13 18:01:46.057,7.74812,7.75128,1.93,1.37
2015.01.13 18:01:46.108,7.74813,7.75148,1.93,1.50
2015.01.13 18:01:46.620,7.74812,7.75137,2.00,1.12
2015.01.13 18:01:46.671,7.74803,7.75137,3.13,1.37
2015.01.13 18:01:46.925,7.74812,7.75108,1.93,1.07
2015.01.13 18:01:47.042,7.74812,7.75108,1.93,1.07
2015.01.13 18:01:47.093,7.74812,7.75108,1.93,1.37
2015.01.13 18:01:47.461,7.74802,7.75128,1.93,1.75
2015.01.13 18:01:48.118,7.74812,7.75148,1.75,1.75
2015.01.13 18:01:48.522,7.74822,7.75158,1.63,1.75
2015.01.13 18:01:49.279,7.74832,7.75158,1.18,1.75
2015.01.13 18:01:49.672,7.74842,7.75158,1.00,1.75
2015.01.13 18:01:50.580,7.74833,7.75148,1.18,1.75
2015.01.13 18:01:51.201,7.74822,7.75138,1.18,1.75
2015.01.13 18:01:51.403,7.74822,7.75127,1.18,1.75
2015.01.13 18:01:52.388,7.74832,7.75158,1.18,1.75
2015.01.13 18:01:52.695,7.74842,7.75148,1.00,1.75
2015.01.13 18:01:53.403,7.74832,7.75138,1.63,1.75
2015.01.13 18:01:54.066,7.74832,7.75118,1.18,1.37
2015.01.13 18:01:54.167,7.74822,7.75118,1.18,1.37
2015.01.13 18:01:54.269,7.74802,7.75108,1.55,1.75
2015.01.13 18:01:54.505,7.74812,7.75128,1.18,1.75
2015.01.13 18:01:54.863,7.74822,7.75118,1.18,1.75
2015.01.13 18:01:55.172,7.74812,7.75128,1.18,1.75
2015.01.13 18:01:55.794,7.74822,7.75117,1.00,1.75
2015.01.13 18:01:59.062,7.74832,7.75138,1.18,1.75
2015.01.13 18:02:00.226,7.74822,7.75137,1.26,1.75
2015.01.13 18:02:02.427,7.74832,7.75137,1.18,1.75
2015.01.13 18:02:02.631,7.74822,7.75147,1.18,1.75
2015.01.13 18:02:03.143,7.74832,7.75147,1.00,1.75
2015.01.13 18:02:06.389,7.74833,7.75128,1.18,1.75
2015.01.13 18:02:09.023,7.74823,7.75118,1.18,1.75
2015.01.13 18:02:09.126,7.74812,7.75118,1.93,1.75
2015.01.13 18:02:09.636,7.74822,7.75108,1.18,1.75
2015.01.13 18:02:09.995,7.74812,7.75108,1.18,1.75
2015.01.13 18:02:10.054,7.74792,7.75108,2.38,1.75
2015.01.13 18:02:10.580,7.74802,7.75098,1.55,1.37
2015.01.13 18:02:10.885,7.74813,7.75098,1.00,1.37
2015.01.13 18:02:10.989,7.74802,7.75098,1.55,1.37
2015.01.13 18:02:12.415,7.74812,7.75108,1.18,1.75
2015.01.13 18:02:12.633,7.74812,7.75108,1.18,1.37
2015.01.13 18:02:12.786,7.74812,7.75108,1.93,1.37
2015.01.13 18:02:12.939,7.74812,7.75117,1.93,1.37
2015.01.13 18:02:14.824,7.74812,7.75107,1.18,1.67
2015.01.13 18:02:14.875,7.74793,7.75107,1.75,1.67
2015.01.13 18:02:14.926,7.74762,7.75118,1.74,1.97
2015.01.13 18:02:15.027,7.74762,7.75118,1.74,1.97
2015.01.13 18:02:15.128,7.74762,7.75114,1.44,1.35
2015.01.13 18:02:15.539,7.74773,7.75114,1.18,1.35
2015.01.13 18:02:15.714,7.74762,7.75114,1.44,1.35
2015.01.13 18:02:16.221,7.74772,7.75114,1.18,1.35
2015.01.13 18:02:16.842,7.74762,7.75114,1.44,1.35
2015.01.13 18:02:17.418,7.74762,7.75114,1.25,1.35
2015.01.13 18:02:18.866,7.74773,7.75114,1.18,1.35
2015.01.13 18:02:19.307,7.74773,7.75114,1.55,1.35
2015.01.13 18:02:26.353,7.74772,7.75127,1.55,1.75
2015.01.13 18:02:34.135,7.74772,7.75118,1.18,1.37
2015.01.13 18:02:38.043,7.74762,7.75118,1.18,1.37
2015.01.13 18:02:38.195,7.74772,7.75118,1.18,1.37
2015.01.13 18:02:38.349,7.74762,7.75118,1.18,1.37
2015.01.13 18:02:39.581,7.74772,7.75124,1.18,1.31
2015.01.13 18:02:40.125,7.74772,7.75038,1.18,1.00
2015.01.13 18:02:40.227,7.74742,7.75038,2.00,1.00
2015.01.13 18:02:40.328,7.74742,7.75038,1.93,1.07
2015.01.13 18:02:42.336,7.74752,7.75038,1.18,1.07
2015.01.13 18:02:42.436,7.74742,7.75038,1.93,1.07
2015.01.13 18:02:42.954,7.74752,7.75038,1.18,1.07
2015.01.13 18:02:45.983,7.74742,7.75047,1.93,1.07
2015.01.13 18:02:46.900,7.74752,7.75058,1.18,1.37
2015.01.13 18:02:47.122,7.74742,7.75058,1.93,1.37
2015.01.13 18:02:47.437,7.74752,7.75058,1.18,1.37
2015.01.13 18:02:47.616,7.74742,7.75058,1.93,1.37
2015.01.13 18:02:51.240,7.74732,7.75028,1.93,1.00
2015.01.13 18:02:53.523,7.74732,7.75038,1.93,1.07
2015.01.13 18:02:56.105,7.74742,7.75038,1.18,1.07
2015.01.13 18:02:56.206,7.74732,7.75038,1.18,1.07
2015.01.13 18:02:56.308,7.74732,7.75028,1.18,1.12
2015.01.13 18:02:56.361,7.74722,7.75028,1.18,1.12
2015.01.13 18:02:56.765,7.74732,7.75028,1.18,1.12
2015.01.13 18:02:56.917,7.74673,7.75018,1.93,1.07
2015.01.13 18:02:57.069,7.74673,7.75018,1.93,1.37
2015.01.13 18:02:57.374,7.74672,7.75018,1.93,1.75
2015.01.13 18:02:58.364,7.74692,7.75017,1.93,1.37
2015.01.13 18:02:58.893,7.74713,7.75017,1.18,1.37
2015.01.13 18:02:59.294,7.74702,7.75018,1.18,1.37
2015.01.13 18:02:59.345,7.74755,7.75018,1.00,1.37
2015.01.13 18:02:59.497,7.74772,7.75158,1.00,1.75
2015.01.13 18:02:59.598,7.74788,7.75158,1.00,1.75
2015.01.13 18:02:59.649,7.74788,7.75158,1.00,1.75
2015.01.13 18:02:59.801,7.74794,7.75186,1.00,2.12
2015.01.13 18:02:59.852,7.74794,7.75186,1.00,1.37
2015.01.13 18:03:00.030,7.74802,7.75186,1.00,1.37
2015.01.13 18:03:00.343,7.74807,7.75186,1.00,1.37
2015.01.13 18:03:01.092,7.74809,7.75187,1.00,1.20
2015.01.13 18:03:01.345,7.74809,7.75198,1.00,1.07
2015.01.13 18:03:02.191,7.74818,7.75208,1.00,1.07
2015.01.13 18:03:02.242,7.74818,7.75208,1.00,1.00
2015.01.13 18:03:02.752,7.74809,7.75208,1.10,1.00
2015.01.13 18:03:03.032,7.74809,7.75198,1.10,1.00
2015.01.13 18:03:03.433,7.748,7.75208,1.07,1.00
2015.01.13 18:03:04.282,7.74813,7.75208,1.00,1.00
2015.01.13 18:03:05.200,7.7482,7.75218,1.00,1.10
2015.01.13 18:03:05.701,7.7482,7.75217,1.00,1.00
2015.01.13 18:03:05.974,7.74829,7.75217,1.00,1.00
2015.01.13 18:03:06.314,7.74838,7.75218,1.00,1.10
2015.01.13 18:03:06.516,7.74834,7.75228,1.00,1.07
2015.01.13 18:03:06.618,7.74812,7.75236,1.18,1.12
2015.01.13 18:03:06.668,7.7481,7.75221,1.00,1.12
2015.01.13 18:03:06.719,7.74784,7.75221,1.82,1.12
2015.01.13 18:03:06.770,7.74784,7.75222,1.07,1.12
2015.01.13 18:03:07.272,7.74782,7.75201,1.00,1.12
2015.01.13 18:03:07.374,7.74767,7.75163,1.00,1.01
2015.01.13 18:03:07.476,7.74728,7.75163,1.37,1.01
2015.01.13 18:03:07.527,7.74728,7.7516,1.00,1.12
2015.01.13 18:03:07.628,7.74748,7.75158,1.00,1.75
2015.01.13 18:03:07.933,7.74775,7.75154,1.00,1.12
2015.01.13 18:03:08.034,7.74775,7.75158,1.00,1.12
2015.01.13 18:03:08.242,7.74771,7.75158,1.00,1.12
2015.01.13 18:03:08.394,7.74771,7.75163,1.00,1.01
2015.01.13 18:03:08.596,7.74769,7.75163,1.00,1.01
2015.01.13 18:03:09.271,7.74769,7.75174,1.07,1.01
2015.01.13 18:03:09.884,7.74771,7.75167,1.07,1.75
2015.01.13 18:03:10.208,7.74771,7.75155,1.00,1.12
2015.01.13 18:03:10.369,7.74769,7.75155,1.00,1.12
2015.01.13 18:03:10.819,7.74769,7.75157,1.00,1.12
2015.01.13 18:03:10.881,7.74779,7.75157,1.00,1.12
2015.01.13 18:03:11.236,7.74784,7.75157,1.00,1.12
2015.01.13 18:03:14.849,7.74794,7.75176,1.00,1.12
2015.01.13 18:03:15.002,7.74794,7.7518,1.00,1.37
2015.01.13 18:03:15.103,7.74794,7.7518,1.00,1.67
2015.01.13 18:03:15.870,7.74792,7.75177,1.00,1.12
2015.01.13 18:03:17.593,7.74786,7.75177,1.00,1.12
2015.01.13 18:03:18.033,7.74772,7.75177,1.00,1.12
2015.01.13 18:03:18.135,7.74772,7.75172,1.00,1.82
2015.01.13 18:03:18.186,7.74764,7.75128,1.00,1.75
2015.01.13 18:03:18.288,7.74722,7.75124,1.00,1.12
2015.01.13 18:03:18.339,7.74722,7.75128,1.37,1.75
2015.01.13 18:03:18.491,7.74775,7.75172,1.00,1.82
2015.01.13 18:03:18.593,7.74781,7.75172,1.00,1.82
2015.01.13 18:03:19.132,7.74795,7.75168,1.00,1.45
2015.01.13 18:03:19.496,7.74822,7.75178,1.00,1.37
2015.01.13 18:03:19.700,7.74818,7.75232,1.00,1.31
2015.01.13 18:03:19.802,7.74802,7.75183,1.00,1.12
2015.01.13 18:03:19.853,7.74799,7.75183,1.00,1.12
2015.01.13 18:03:19.904,7.74793,7.75183,1.00,1.12
2015.01.13 18:03:20.005,7.74793,7.75207,1.00,1.12
2015.01.13 18:03:20.157,7.74793,7.75164,1.00,1.00
2015.01.13 18:03:20.208,7.74787,7.75164,1.12,1.00
2015.01.13 18:03:20.259,7.74756,7.75164,1.07,1.75
2015.01.13 18:03:20.411,7.74732,7.75128,1.18,1.94
2015.01.13 18:03:20.462,7.74722,7.75128,1.25,1.94
2015.01.13 18:03:20.513,7.74722,7.75078,1.18,1.12
2015.01.13 18:03:20.564,7.74712,7.75078,1.18,1.12
2015.01.13 18:03:20.716,7.74692,7.75078,1.00,1.12
2015.01.13 18:03:20.818,7.74692,7.75065,1.00,1.12
2015.01.13 18:03:21.071,7.74673,7.7506,1.00,1.12
2015.01.13 18:03:21.325,7.74662,7.75063,1.00,1.12
2015.01.13 18:03:21.376,7.74673,7.75063,1.00,1.12
2015.01.13 18:03:21.725,7.74691,7.75068,1.00,1.37
2015.01.13 18:03:21.882,7.74685,7.75068,1.00,1.37
2015.01.13 18:03:22.034,7.74685,7.75078,1.00,1.75
2015.01.13 18:03:22.212,7.74677,7.75078,1.00,1.75
2015.01.13 18:03:22.486,7.74677,7.75068,1.00,1.00
2015.01.13 18:03:22.762,7.7467,7.75068,1.00,1.00
2015.01.13 18:03:22.813,7.74672,7.75048,1.00,1.00
2015.01.13 18:03:23.116,7.74672,7.75048,1.00,1.75
2015.01.13 18:03:23.453,7.74682,7.75058,1.00,1.75
2015.01.13 18:03:23.903,7.74672,7.75045,1.00,1.12
2015.01.13 18:03:24.232,7.74693,7.75045,1.00,1.12
2015.01.13 18:03:24.543,7.74703,7.75058,1.00,1.12
2015.01.13 18:03:24.644,7.74712,7.75075,1.00,1.01
2015.01.13 18:03:26.153,7.74723,7.75086,1.00,1.12
2015.01.13 18:03:26.457,7.74752,7.75088,1.00,1.31
2015.01.13 18:03:26.655,7.74742,7.75088,1.00,1.31
2015.01.13 18:03:27.107,7.74752,7.75089,1.00,1.12
2015.01.13 18:03:27.946,7.74762,7.75089,1.18,1.12
2015.01.13 18:03:28.049,7.74752,7.75089,1.63,1.12
2015.01.13 18:03:28.257,7.74762,7.75089,1.18,1.12
2015.01.13 18:03:29.233,7.74752,7.75079,1.00,1.31
2015.01.13 18:03:29.334,7.74752,7.75059,1.00,1.12
2015.01.13 18:03:29.436,7.74712,7.75037,1.18,1.12
2015.01.13 18:03:29.638,7.74702,7.75037,1.18,1.12
2015.01.13 18:03:30.140,7.74712,7.75037,1.18,1.12
2015.01.13 18:03:30.350,7.74702,7.75037,1.18,1.12
2015.01.13 18:03:30.604,7.74693,7.75029,1.18,1.12
2015.01.13 18:03:30.919,7.74693,7.7502,1.18,1.12
2015.01.13 18:03:31.444,7.74702,7.75027,1.18,1.12
2015.01.13 18:03:32.746,7.74712,7.75027,1.18,1.12
2015.01.13 18:03:33.340,7.74722,7.75058,1.18,1.75
2015.01.13 18:03:35.756,7.74732,7.75061,1.00,1.31
2015.01.13 18:03:36.385,7.74713,7.75044,1.18,1.12
2015.01.13 18:03:36.486,7.74692,7.75044,1.00,1.12
2015.01.13 18:03:36.588,7.74682,7.75018,1.18,1.75
2015.01.13 18:03:36.791,7.74682,7.75008,1.18,1.12
2015.01.13 18:03:37.434,7.74692,7.7502,1.00,1.12
2015.01.13 18:03:37.531,7.74682,7.7502,1.18,1.12
2015.01.13 18:03:37.751,7.74672,7.75008,1.18,1.12
2015.01.13 18:03:38.106,7.74673,7.7504,1.00,1.12
2015.01.13 18:03:38.861,7.74672,7.75027,1.18,1.07
2015.01.13 18:03:39.064,7.74672,7.75027,1.18,1.75
2015.01.13 18:03:41.388,7.74673,7.75027,1.18,1.75
2015.01.13 18:03:42.526,7.74683,7.75035,1.00,1.12
2015.01.13 18:03:42.701,7.74672,7.75035,1.18,1.12
2015.01.13 18:03:44.865,7.74682,7.75026,1.00,1.12
2015.01.13 18:03:45.639,7.74672,7.75007,1.18,1.12
2015.01.13 18:03:45.792,7.74682,7.75007,1.00,1.12
2015.01.13 18:03:46.183,7.74692,7.75016,1.00,1.12
2015.01.13 18:03:46.335,7.74692,7.75039,1.63,1.01
2015.01.13 18:03:47.684,7.74702,7.75041,1.18,1.12
2015.01.13 18:03:48.022,7.74692,7.75041,1.63,1.12
2015.01.13 18:03:48.223,7.74692,7.75041,1.18,1.12
2015.01.13 18:03:48.332,7.74673,7.75037,1.18,1.82
2015.01.13 18:03:48.434,7.74663,7.75008,1.18,1.12
2015.01.13 18:03:48.735,7.74653,7.75008,1.18,1.12
2015.01.13 18:03:48.836,7.74662,7.75008,1.00,1.12
2015.01.13 18:03:50.242,7.74673,7.75008,1.00,1.12
2015.01.13 18:03:53.971,7.74662,7.75008,1.26,1.12
2015.01.13 18:03:55.042,7.74662,7.75008,1.18,1.12
2015.01.13 18:03:55.244,7.74662,7.75008,1.18,1.12
2015.01.13 18:03:55.309,7.74673,7.75008,1.00,1.12
2015.01.13 18:03:57.847,7.74682,7.75022,1.37,1.12
2015.01.13 18:03:57.999,7.74692,7.75031,1.00,1.12
2015.01.13 18:03:58.252,7.74702,7.75042,1.37,1.31
2015.01.13 18:03:58.303,7.74702,7.75047,1.87,1.01
2015.01.13 18:03:59.269,7.74702,7.75064,1.87,1.12
2015.01.13 18:04:01.290,7.74712,7.75064,1.18,1.12
2015.01.13 18:04:02.202,7.74723,7.75064,1.00,1.12
2015.01.13 18:04:02.808,7.74722,7.75064,1.00,1.12
2015.01.13 18:04:03.732,7.74733,7.75064,1.00,1.12
2015.01.13 18:04:05.194,7.74742,7.75064,1.00,1.12
2015.01.13 18:04:07.325,7.74732,7.75064,1.18,1.12
2015.01.13 18:04:07.426,7.74742,7.75064,1.18,1.12
2015.01.13 18:04:09.976,7.74773,7.75085,1.18,1.12
2015.01.13 18:04:10.078,7.74773,7.75085,1.18,1.12
2015.01.13 18:04:10.180,7.74703,7.75098,1.75,1.12
2015.01.13 18:04:10.231,7.74703,7.75097,1.75,1.12
2015.01.13 18:04:10.434,7.74713,7.75097,1.75,1.12
2015.01.13 18:04:10.536,7.74713,7.75102,1.75,1.12
2015.01.13 18:04:11.100,7.74716,7.75114,1.75,1.12
2015.01.13 18:04:11.610,7.74717,7.75109,1.75,1.12
2015.01.13 18:04:12.285,7.74712,7.7509,1.75,1.12
2015.01.13 18:04:12.388,7.74708,7.75075,1.75,1.12
2015.01.13 18:04:12.587,7.74708,7.75075,1.75,1.50
2015.01.13 18:04:12.689,7.74708,7.75075,1.75,1.12
2015.01.13 18:04:13.022,7.74708,7.75072,1.00,1.01
2015.01.13 18:04:13.123,7.74699,7.75072,1.00,1.01
2015.01.13 18:04:13.174,7.74692,7.75019,1.00,1.12
2015.01.13 18:04:13.225,7.74644,7.75019,1.75,1.12
2015.01.13 18:04:13.326,7.74653,7.75023,1.75,1.75
2015.01.13 18:04:14.019,7.74662,7.75041,1.00,1.12
2015.01.13 18:04:14.070,7.74654,7.75038,1.00,1.82
2015.01.13 18:04:14.171,7.74634,7.75038,1.75,1.82
2015.01.13 18:04:14.323,7.7463,7.75028,1.75,1.82
2015.01.13 18:04:14.525,7.74654,7.75041,1.75,1.12
2015.01.13 18:04:14.821,7.74661,7.75047,1.75,1.75
2015.01.13 18:04:15.512,7.74683,7.75084,1.75,1.12
2015.01.13 18:04:15.816,7.74681,7.75055,1.75,1.12
2015.01.13 18:04:18.272,7.74682,7.75055,1.26,1.12
2015.01.13 18:04:18.423,7.74693,7.75048,1.00,1.82
2015.01.13 18:04:18.727,7.74692,7.75022,1.50,1.12
2015.01.13 18:04:19.330,7.74692,7.75038,2.25,1.12
2015.01.13 18:04:19.676,7.74702,7.75038,1.00,1.12
2015.01.13 18:04:20.263,7.74692,7.75019,1.00,1.12
2015.01.13 18:04:20.415,7.74692,7.75019,1.00,1.12
2015.01.13 18:04:20.567,7.74672,7.74998,1.00,1.12
2015.01.13 18:04:20.668,7.74662,7.74998,1.63,1.12
2015.01.13 18:04:20.770,7.74662,7.74998,1.50,1.12
2015.01.13 18:04:21.212,7.74682,7.74998,1.00,1.12
2015.01.13 18:04:21.583,7.74692,7.75014,1.00,1.12
2015.01.13 18:04:22.540,7.74682,7.74998,1.00,1.12
2015.01.13 18:04:24.512,7.74693,7.75016,1.00,1.12
2015.01.13 18:04:24.985,7.74682,7.75016,1.00,1.12
2015.01.13 18:04:25.171,7.74692,7.75016,1.00,1.12
2015.01.13 18:04:25.374,7.74722,7.75048,1.00,1.31
2015.01.13 18:04:25.425,7.74703,7.75032,1.00,1.31
2015.01.13 18:04:27.230,7.74703,7.75032,1.00,1.12
2015.01.13 18:04:27.655,7.74712,7.75032,1.00,1.12
2015.01.13 18:04:28.032,7.74723,7.75032,1.00,1.12
2015.01.13 18:04:28.346,7.74742,7.75047,1.00,1.75
2015.01.13 18:04:28.886,7.74742,7.75078,1.00,1.01
2015.01.13 18:04:29.256,7.74732,7.75081,1.00,1.94
2015.01.13 18:04:29.511,7.74723,7.75081,1.00,1.94
2015.01.13 18:04:30.481,7.74722,7.75081,1.00,1.94
2015.01.13 18:04:31.102,7.74722,7.75081,1.00,1.94
2015.01.13 18:04:31.268,7.74702,7.75077,1.71,1.01
2015.01.13 18:04:31.319,7.74702,7.75077,1.07,1.01
2015.01.13 18:04:31.451,7.74702,7.75078,1.75,1.94
2015.01.13 18:04:31.654,7.74702,7.75051,1.37,1.31
2015.01.13 18:04:48.588,7.74673,7.75044,1.00,1.12
2015.01.13 18:04:48.690,7.74673,7.75006,1.00,1.12
2015.01.13 18:04:48.792,7.74632,7.74995,1.75,1.12
2015.01.13 18:04:49.401,7.74662,7.74988,1.00,1.57
2015.01.13 18:04:49.452,7.74662,7.74988,1.00,1.50
2015.01.13 18:04:49.671,7.74662,7.74988,1.37,1.50
2015.01.13 18:04:49.823,7.74662,7.74988,1.37,1.00
2015.01.13 18:04:49.925,7.74672,7.74988,1.12,1.00
2015.01.13 18:04:49.976,7.74683,7.75007,1.37,1.00
2015.01.13 18:04:50.171,7.74693,7.75017,1.12,1.00
2015.01.13 18:04:50.747,7.74692,7.75018,1.37,1.00
2015.01.13 18:04:53.497,7.74702,7.75028,1.07,1.75
2015.01.13 18:04:54.021,7.74692,7.75018,1.37,1.00
2015.01.13 18:04:55.031,7.74682,7.75008,1.37,1.75
2015.01.13 18:04:55.427,7.74672,7.74998,1.56,1.00
2015.01.13 18:04:55.763,7.74662,7.74988,1.94,1.00
2015.01.13 18:04:57.367,7.74661,7.74978,1.12,1.00
2015.01.13 18:04:57.418,7.74656,7.74978,1.12,1.00
2015.01.13 18:05:01.543,7.74632,7.74958,2.57,1.00
2015.01.13 18:05:02.033,7.74663,7.74987,1.37,1.37
2015.01.13 18:05:02.271,7.74652,7.74978,1.37,1.00
2015.01.13 18:05:03.958,7.74662,7.74988,1.50,1.00
2015.01.13 18:05:09.311,7.74672,7.74998,1.37,1.12
2015.01.13 18:05:10.102,7.74662,7.74988,1.50,1.00
2015.01.13 18:05:14.372,7.74672,7.74998,1.37,1.12
2015.01.13 18:05:14.752,7.74683,7.75007,1.37,1.75
2015.01.13 18:05:21.731,7.74682,7.74998,1.12,1.00
2015.01.13 18:05:23.988,7.74707,7.75008,1.12,1.00
2015.01.13 18:05:24.091,7.74712,7.75038,1.50,1.00
2015.01.13 18:05:24.142,7.74712,7.75038,1.87,1.00
2015.01.13 18:05:25.421,7.74722,7.75048,1.75,1.00
2015.01.13 18:05:25.702,7.7472,7.75037,1.12,1.00
2015.01.13 18:05:26.631,7.74722,7.75048,1.75,1.00
2015.01.13 18:05:28.467,7.74732,7.75058,1.37,1.00
2015.01.13 18:05:30.995,7.74747,7.75068,1.12,1.00
2015.01.13 18:05:31.046,7.74755,7.75068,1.12,1.00
2015.01.13 18:05:31.096,7.74772,7.75098,1.37,1.37
2015.01.13 18:05:31.349,7.74755,7.75078,1.12,1.00
2015.01.13 18:05:31.868,7.74755,7.75078,1.12,1.00
2015.01.13 18:05:34.391,7.74755,7.75068,1.12,1.00
2015.01.13 18:05:34.723,7.74738,7.75058,1.12,1.00
2015.01.13 18:05:36.054,7.74738,7.75048,1.12,1.00
2015.01.13 18:05:37.251,7.74733,7.75057,1.37,1.00
2015.01.13 18:05:38.572,7.74742,7.75068,1.37,1.12
2015.01.13 18:05:39.011,7.74732,7.75058,1.37,1.00
2015.01.13 18:05:44.211,7.74762,7.75088,1.07,1.00
2015.01.13 18:05:44.621,7.74752,7.75078,1.37,1.00
2015.01.13 18:05:46.161,7.74762,7.75088,1.07,1.00
2015.01.13 18:05:48.164,7.74792,7.75118,1.00,1.75
2015.01.13 18:05:48.214,7.74792,7.75118,1.37,1.75
2015.01.13 18:05:48.265,7.74792,7.75118,1.37,1.00
2015.01.13 18:05:48.425,7.74792,7.75118,1.37,1.00
2015.01.13 18:05:48.732,7.74784,7.75108,1.12,1.00
2015.01.13 18:05:50.781,7.74792,7.75118,1.37,1.00
2015.01.13 18:05:52.378,7.74792,7.75118,1.37,1.75
2015.01.13 18:05:52.531,7.74762,7.75088,2.20,1.00
2015.01.13 18:05:52.581,7.74752,7.75078,1.94,1.00
2015.01.13 18:05:52.633,7.74752,7.75078,1.94,1.00
2015.01.13 18:05:52.946,7.74752,7.75078,1.37,1.00
2015.01.13 18:05:53.455,7.74742,7.75068,1.37,1.00
2015.01.13 18:05:54.094,7.74752,7.75078,1.37,1.00
2015.01.13 18:06:04.861,7.74743,7.75067,1.37,1.00
2015.01.13 18:06:06.181,7.74753,7.75077,1.37,1.00
2015.01.13 18:06:06.336,7.74782,7.75108,1.00,1.00
2015.01.13 18:06:06.388,7.74782,7.75108,1.37,1.00
2015.01.13 18:06:06.540,7.74792,7.75118,1.07,1.75
2015.01.13 18:06:06.642,7.74772,7.75098,1.37,1.00
2015.01.13 18:06:06.844,7.74792,7.75118,1.07,1.75
2015.01.13 18:06:11.358,7.74792,7.75118,1.07,1.00
2015.01.13 18:06:11.409,7.74792,7.75118,1.75,1.00
2015.01.13 18:06:11.510,7.74822,7.75148,1.00,1.00
2015.01.13 18:06:11.561,7.74822,7.75148,1.37,1.00
2015.01.13 18:06:12.261,7.74812,7.75138,1.37,1.00
2015.01.13 18:06:12.716,7.74822,7.75148,1.37,1.00
2015.01.13 18:06:12.818,7.74813,7.75137,1.37,1.00
2015.01.13 18:06:13.771,7.74823,7.75147,1.37,1.00
2015.01.13 18:06:17.070,7.74832,7.75158,1.12,1.75
2015.01.13 18:06:17.320,7.74812,7.75138,1.37,1.00
2015.01.13 18:06:17.371,7.74812,7.75138,1.37,1.00
2015.01.13 18:06:17.523,7.74833,7.75157,1.07,1.75
2015.01.13 18:06:17.574,7.74834,7.75157,1.12,1.00
2015.01.13 18:06:17.625,7.74842,7.75168,1.20,1.00
2015.01.13 18:06:17.675,7.74842,7.75168,1.50,1.00
2015.01.13 18:06:17.997,7.74862,7.75188,1.07,1.00
2015.01.13 18:06:19.017,7.74862,7.75188,1.37,1.00
2015.01.13 18:06:19.621,7.74872,7.75198,1.12,1.00
2015.01.13 18:06:20.524,7.74863,7.75187,1.37,1.00
2015.01.13 18:06:21.134,7.74854,7.75168,1.12,1.00
2015.01.13 18:06:26.029,7.7486,7.75168,1.12,1.00
2015.01.13 18:06:34.069,7.74855,7.75168,1.12,1.00
2015.01.13 18:06:36.160,7.74852,7.75178,1.37,1.00
2015.01.13 18:06:36.262,7.74852,7.75178,1.75,1.00
2015.01.13 18:06:42.338,7.74872,7.75198,1.37,1.00
2015.01.13 18:06:42.642,7.74892,7.75218,1.07,1.00
2015.01.13 18:06:42.743,7.74902,7.75228,1.00,1.00
2015.01.13 18:06:42.794,7.74902,7.75228,1.12,1.00
2015.01.13 18:06:42.845,7.74913,7.75237,1.07,1.00
2015.01.13 18:06:42.896,7.74913,7.75237,1.37,1.00
2015.01.13 18:06:43.199,7.749,7.75218,1.12,1.00
2015.01.13 18:06:43.581,7.74887,7.75208,1.12,1.00
2015.01.13 18:06:44.621,7.74892,7.75218,1.75,1.00
2015.01.13 18:06:44.821,7.74887,7.75208,1.12,1.00
2015.01.13 18:06:45.371,7.74893,7.75217,1.75,1.00
2015.01.13 18:06:45.811,7.74902,7.75228,1.50,1.50
2015.01.13 18:06:46.601,7.74892,7.75218,1.75,1.00
2015.01.13 18:06:48.010,7.74887,7.75208,1.12,1.00
2015.01.13 18:06:48.120,7.74892,7.75218,1.75,1.00
2015.01.13 18:06:48.340,7.74887,7.75208,1.12,1.00
2015.01.13 18:06:48.390,7.74882,7.75208,1.87,1.00
2015.01.13 18:06:49.003,7.74893,7.75217,1.37,1.00
2015.01.13 18:06:49.110,7.74902,7.75228,1.12,1.50
2015.01.13 18:06:49.172,7.74902,7.75228,1.50,1.00
2015.01.13 18:06:49.770,7.74897,7.75218,1.12,1.00
2015.01.13 18:06:50.100,7.74902,7.75228,1.50,1.00
2015.01.13 18:06:50.252,7.74913,7.75228,1.12,1.00
2015.01.13 18:06:50.769,7.74913,7.75227,1.12,1.00
2015.01.13 18:06:51.783,7.74913,7.75238,1.12,1.00
2015.01.13 18:06:53.132,7.74918,7.75238,1.12,1.00
2015.01.13 18:06:53.461,7.74918,7.75228,1.12,1.00
2015.01.13 18:06:54.523,7.74918,7.75238,1.12,1.00
2015.01.13 18:07:00.823,7.75002,7.75328,1.87,1.00
2015.01.13 18:07:01.026,7.75002,7.75308,1.12,1.00
2015.01.13 18:07:01.358,7.75002,7.75297,1.12,1.00
2015.01.13 18:07:01.540,7.75002,7.75308,1.12,1.00
2015.01.13 18:07:02.443,7.75002,7.75298,1.12,1.00
2015.01.13 18:07:03.741,7.75002,7.75318,1.12,1.00
2015.01.13 18:07:05.720,7.75012,7.75338,1.37,1.37
2015.01.13 18:07:06.567,7.75012,7.75338,1.75,1.00
2015.01.13 18:07:07.604,7.75022,7.75348,1.82,1.00
2015.01.13 18:07:08.161,7.75015,7.75338,1.12,1.00
2015.01.13 18:07:08.262,7.75022,7.75348,1.07,1.00
2015.01.13 18:07:08.470,7.75032,7.75358,1.07,1.37
2015.01.13 18:07:08.598,7.75032,7.75358,1.37,1.37
2015.01.13 18:07:08.872,7.75033,7.75358,1.12,1.00
2015.01.13 18:07:09.130,7.75033,7.75348,1.12,1.00
2015.01.13 18:07:09.599,7.75028,7.75338,1.12,1.00
2015.01.13 18:07:09.700,7.75028,7.75328,1.12,1.00
2015.01.13 18:07:09.774,7.75013,7.75328,1.12,1.00
2015.01.13 18:07:10.120,7.75023,7.75347,1.37,1.00
2015.01.13 18:07:10.378,7.75023,7.75347,1.37,1.00
2015.01.13 18:07:10.580,7.75032,7.75358,1.37,1.37
2015.01.13 18:07:12.081,7.75032,7.75358,1.94,1.00
2015.01.13 18:07:12.429,7.75029,7.75348,1.31,1.00
2015.01.13 18:07:14.348,7.75043,7.75358,1.12,1.00
2015.01.13 18:07:18.406,7.75043,7.75348,1.12,1.00
2015.01.13 18:07:20.898,7.75043,7.75347,1.12,1.00
2015.01.13 18:07:21.202,7.74987,7.75278,1.01,1.00
2015.01.13 18:07:21.560,7.74966,7.75277,1.01,1.00
2015.01.13 18:07:22.218,7.74958,7.75277,1.12,1.00
2015.01.13 18:07:23.012,7.74937,7.75248,1.01,1.00
2015.01.13 18:07:23.563,7.74937,7.75238,1.01,1.00
2015.01.13 18:07:23.824,7.74937,7.75238,1.01,1.00
2015.01.13 18:07:24.031,7.74932,7.75238,1.31,1.00
2015.01.13 18:07:28.049,7.74922,7.75248,1.37,1.00
2015.01.13 18:07:28.489,7.74932,7.75258,1.37,1.37
2015.01.13 18:07:36.204,7.74913,7.75237,1.87,1.00
2015.01.13 18:07:36.764,7.74913,7.75228,1.12,1.00
2015.01.13 18:07:42.058,7.74933,7.75258,1.12,1.00
2015.01.13 18:07:42.159,7.74942,7.75268,1.37,1.00
2015.01.13 18:07:42.476,7.74952,7.75278,1.07,1.37
2015.01.13 18:07:42.992,7.74952,7.75278,1.57,1.00
2015.01.13 18:07:43.044,7.74973,7.75287,1.93,1.00
2015.01.13 18:07:43.449,7.74973,7.75298,1.93,1.00
2015.01.13 18:07:45.648,7.74973,7.75288,1.93,1.00
2015.01.13 18:07:46.119,7.74973,7.75297,2.38,1.00
2015.01.13 18:07:46.239,7.7497,7.75287,1.12,1.00
2015.01.13 18:07:47.081,7.7497,7.75277,1.12,1.00
2015.01.13 18:07:47.429,7.7497,7.75268,1.12,1.00
2015.01.13 18:07:47.519,7.7497,7.75278,1.12,1.00
2015.01.13 18:07:47.677,7.74954,7.75268,1.12,1.00
2015.01.13 18:07:48.204,7.74954,7.75258,1.12,1.00
2015.01.13 18:07:48.753,7.74954,7.75268,1.12,1.00
2015.01.13 18:07:49.421,7.74937,7.75258,1.12,1.00
2015.01.13 18:07:49.499,7.74942,7.75268,1.50,1.00
2015.01.13 18:07:50.050,7.74952,7.75278,1.37,1.12
2015.01.13 18:07:50.202,7.74962,7.75288,1.87,1.00
2015.01.13 18:07:50.308,7.74972,7.75298,1.87,1.00
2015.01.13 18:07:50.511,7.74972,7.75287,1.12,1.00
2015.01.13 18:07:50.741,7.74972,7.75298,1.87,1.00
2015.01.13 18:07:50.979,7.74992,7.75318,1.75,1.00
2015.01.13 18:07:51.301,7.7499,7.75308,1.12,1.00
2015.01.13 18:07:51.699,7.7499,7.75298,1.12,1.00
2015.01.13 18:07:51.827,7.74978,7.75298,1.12,1.00
2015.01.13 18:07:52.138,7.74982,7.75308,1.82,1.00
2015.01.13 18:07:52.267,7.7499,7.75308,1.12,1.00
2015.01.13 18:07:55.328,7.74992,7.75318,1.50,1.00
2015.01.13 18:07:55.501,7.75008,7.75318,1.12,1.00
2015.01.13 18:07:55.552,7.75012,7.75338,1.45,1.00
2015.01.13 18:07:55.704,7.75008,7.75328,1.12,1.00
2015.01.13 18:07:56.301,7.75008,7.75328,1.12,1.00
2015.01.13 18:07:56.605,7.75022,7.75337,1.12,1.00
2015.01.13 18:07:56.933,7.75005,7.75328,1.12,1.00
2015.01.13 18:07:57.242,7.75022,7.75348,2.76,1.00
2015.01.13 18:07:57.343,7.75036,7.75348,1.12,1.00
2015.01.13 18:07:58.989,7.7502,7.75328,1.94,1.00
2015.01.13 18:07:59.422,7.7502,7.75327,1.31,1.00
2015.01.13 18:07:59.860,7.75002,7.75318,1.31,1.00
2015.01.13 18:08:00.498,7.75002,7.75308,1.31,1.00
2015.01.13 18:08:02.369,7.75002,7.75298,1.12,1.00
2015.01.13 18:08:03.391,7.75002,7.75308,1.12,1.00
2015.01.13 18:08:11.310,7.75002,7.75298,1.12,1.00
2015.01.13 18:08:11.763,7.75002,7.75288,1.12,1.00
2015.01.13 18:08:12.512,7.75002,7.75298,1.12,1.00
2015.01.13 18:08:16.466,7.75042,7.75298,1.01,1.00
2015.01.13 18:08:16.568,7.75092,7.7541,1.37,1.37
2015.01.13 18:08:16.619,7.75092,7.7541,1.75,1.00
2015.01.13 18:08:16.670,7.75083,7.75398,1.55,1.00
2015.01.13 18:08:16.720,7.75083,7.75398,1.55,1.00
2015.01.13 18:08:16.872,7.75082,7.75389,1.37,1.00
2015.01.13 18:08:17.485,7.75096,7.75399,1.12,1.00
2015.01.13 18:08:17.897,7.75096,7.75399,1.12,1.00
2015.01.13 18:08:18.267,7.75083,7.75399,1.75,1.00
2015.01.13 18:08:18.368,7.75065,7.75387,1.12,1.00
2015.01.13 18:08:19.009,7.75065,7.75368,1.12,1.00
2015.01.13 18:08:19.220,7.75044,7.75368,1.12,1.00
2015.01.13 18:08:19.271,7.75044,7.75358,1.12,1.00
2015.01.13 18:08:19.618,7.75041,7.75348,1.12,1.00
2015.01.13 18:08:19.988,7.75027,7.75348,1.12,1.00
2015.01.13 18:08:20.089,7.75022,7.75348,1.75,1.00
2015.01.13 18:08:20.140,7.75012,7.75328,1.93,1.00
2015.01.13 18:08:20.444,7.75022,7.75348,1.37,1.10
2015.01.13 18:08:20.699,7.75012,7.75338,1.75,1.00
2015.01.13 18:08:20.800,7.75012,7.75338,1.00,1.00
2015.01.13 18:08:20.902,7.74993,7.75317,1.75,1.00
2015.01.13 18:08:21.392,7.74992,7.75318,1.75,1.00
2015.01.13 18:08:21.443,7.75002,7.75328,1.75,1.12
2015.01.13 18:08:22.908,7.75002,7.75328,1.75,1.12
2015.01.13 18:08:22.959,7.75003,7.75328,1.93,1.00
2015.01.13 18:08:23.010,7.75032,7.75358,1.75,1.07
2015.01.13 18:08:23.111,7.75042,7.75368,1.37,1.07
2015.01.13 18:08:23.216,7.75012,7.75328,1.75,1.00
2015.01.13 18:08:23.518,7.75013,7.75337,1.75,1.00
2015.01.13 18:08:23.909,7.75013,7.75337,1.00,1.00
2015.01.13 18:08:23.960,7.75012,7.75338,1.00,1.37
2015.01.13 18:08:24.608,7.75012,7.75338,1.75,1.37
2015.01.13 18:08:24.912,7.75032,7.75358,1.00,1.94
2015.01.13 18:08:25.294,7.75042,7.75362,1.00,1.94
2015.01.13 18:08:25.499,7.75022,7.75348,1.37,1.56
2015.01.13 18:08:26.190,7.75032,7.75358,1.00,1.56
2015.01.13 18:08:28.036,7.75042,7.75368,1.12,1.75
2015.01.13 18:08:28.138,7.75042,7.75368,1.12,1.37
2015.01.13 18:08:28.239,7.75042,7.75368,2.25,1.37
2015.01.13 18:08:28.700,7.75062,7.75388,1.00,1.56
2015.01.13 18:08:31.667,7.75072,7.75396,1.00,1.12
2015.01.13 18:08:31.769,7.75063,7.75387,1.00,1.82
2015.01.13 18:08:33.088,7.75072,7.75396,1.00,1.12
2015.01.13 18:08:33.638,7.75063,7.75388,1.18,1.82
2015.01.13 18:08:34.206,7.75062,7.75386,1.00,1.01
2015.01.13 18:08:38.038,7.75072,7.75383,1.00,1.01
2015.01.13 18:08:38.808,7.75082,7.75383,1.00,1.01
2015.01.13 18:08:39.646,7.75082,7.75401,1.75,1.37
2015.01.13 18:08:39.996,7.75132,7.75422,1.00,1.45
2015.01.13 18:08:40.457,7.75132,7.75441,1.00,1.01
2015.01.13 18:08:40.508,7.75142,7.75441,1.00,1.01
2015.01.13 18:08:40.926,7.75152,7.75456,1.00,1.01
2015.01.13 18:08:41.008,7.75142,7.75456,1.00,1.01
2015.01.13 18:08:41.737,7.75142,7.75462,1.00,1.01
2015.01.13 18:08:43.957,7.75142,7.7545,1.00,1.01
2015.01.13 18:08:44.008,7.75132,7.75448,1.18,1.75
2015.01.13 18:08:44.059,7.75132,7.75448,1.18,1.94
2015.01.13 18:08:44.110,7.75113,7.75423,1.00,1.37
2015.01.13 18:08:44.161,7.75113,7.75423,1.00,1.00
2015.01.13 18:08:44.212,7.75133,7.75435,1.00,1.12
2015.01.13 18:08:45.657,7.75133,7.75394,1.00,1.00
2015.01.13 18:08:45.859,7.75122,7.75395,1.00,1.00
2015.01.13 18:08:46.112,7.75093,7.75395,1.00,1.00
2015.01.13 18:08:46.621,7.75092,7.75395,1.00,1.00
2015.01.13 18:08:47.058,7.75102,7.75395,1.00,1.00
2015.01.13 18:08:47.739,7.75102,7.75394,1.00,1.00
2015.01.13 18:08:48.043,7.75142,7.7545,1.00,1.01
2015.01.13 18:08:48.094,7.75132,7.7545,1.00,1.01
2015.01.13 18:08:48.196,7.75072,7.75398,1.94,1.00
2015.01.13 18:08:48.819,7.75062,7.75388,1.94,1.00
2015.01.13 18:08:49.777,7.75062,7.75388,1.75,1.00
2015.01.13 18:08:51.858,7.75062,7.75388,1.75,1.19
2015.01.13 18:08:52.228,7.75072,7.75398,1.75,1.00
2015.01.13 18:08:54.850,7.75072,7.75398,1.75,1.19
2015.01.13 18:08:56.307,7.75062,7.75388,1.75,1.00
2015.01.13 18:08:57.349,7.75062,7.75388,1.75,1.00
2015.01.13 18:08:58.059,7.75053,7.75377,1.94,1.00
2015.01.13 18:08:58.379,7.75032,7.75358,1.94,1.00
2015.01.13 18:08:58.531,7.75042,7.75368,1.75,1.00
2015.01.13 18:08:58.755,7.75042,7.75368,1.75,1.00
2015.01.13 18:08:58.846,7.75042,7.75368,1.75,1.00
2015.01.13 18:08:59.448,7.75042,7.75368,1.75,1.00
2015.01.13 18:09:00.938,7.75032,7.75358,1.75,1.00
2015.01.13 18:09:01.090,7.75032,7.75358,1.75,1.00
2015.01.13 18:09:01.141,7.75012,7.75338,1.75,1.00
2015.01.13 18:09:02.314,7.75012,7.75338,1.50,1.00
2015.01.13 18:09:06.087,7.74993,7.75317,1.75,1.00
2015.01.13 18:09:06.606,7.74993,7.75317,1.75,1.00
2015.01.13 18:09:06.761,7.75012,7.75338,1.75,1.00
2015.01.13 18:09:07.918,7.75012,7.75338,1.75,1.00
2015.01.13 18:09:07.969,7.75032,7.75358,1.75,1.19
2015.01.13 18:09:09.278,7.75022,7.75348,1.82,1.00
2015.01.13 18:09:12.266,7.75043,7.75367,1.75,1.25
2015.01.13 18:09:12.317,7.75043,7.75367,1.75,1.25
2015.01.13 18:09:13.838,7.75062,7.75388,1.75,1.25
2015.01.13 18:09:16.409,7.75062,7.75388,1.75,1.19
2015.01.13 18:09:18.515,7.75062,7.75388,1.75,1.00
2015.01.13 18:09:19.087,7.75046,7.75408,1.01,1.19
2015.01.13 18:09:19.138,7.75038,7.75408,1.12,1.00
2015.01.13 18:09:19.240,7.74917,7.75407,1.75,1.00
2015.01.13 18:09:19.291,7.74917,7.75418,1.75,1.93
2015.01.13 18:09:19.341,7.74916,7.75313,1.75,1.00
2015.01.13 18:09:19.546,7.74916,7.75309,1.75,1.75
2015.01.13 18:09:19.648,7.74916,7.75309,1.75,1.37
2015.01.13 18:09:20.022,7.74916,7.75316,1.00,1.75
2015.01.13 18:09:20.073,7.74925,7.75381,1.00,1.94
2015.01.13 18:09:20.377,7.74934,7.75381,1.75,1.94
2015.01.13 18:09:20.529,7.74934,7.75366,1.75,1.75
2015.01.13 18:09:20.731,7.74935,7.75366,1.75,1.75
2015.01.13 18:09:20.834,7.74935,7.75366,1.82,1.37
2015.01.13 18:09:20.884,7.74969,7.75366,1.75,1.37
2015.01.13 18:09:20.935,7.74969,7.75366,1.75,1.07
2015.01.13 18:09:21.188,7.74984,7.75354,1.75,1.07
2015.01.13 18:09:21.509,7.74916,7.75348,1.75,1.00
2015.01.13 18:09:21.611,7.74916,7.75346,1.75,1.37
2015.01.13 18:09:22.248,7.74916,7.75344,1.75,1.75
2015.01.13 18:09:22.299,7.74916,7.75344,1.75,1.75
2015.01.13 18:09:22.555,7.74916,7.75302,1.75,1.37
2015.01.13 18:09:22.657,7.74916,7.75302,1.75,1.37
2015.01.13 18:09:23.985,7.74971,7.75327,1.75,1.75
2015.01.13 18:09:24.036,7.74971,7.75327,1.75,1.00
2015.01.13 18:09:24.087,7.74971,7.75301,1.75,1.00
2015.01.13 18:09:24.390,7.74971,7.75301,1.75,1.07
2015.01.13 18:09:24.601,7.74971,7.75301,1.75,1.07
2015.01.13 18:09:24.768,7.74971,7.75301,1.75,1.07
2015.01.13 18:09:24.870,7.74971,7.75301,1.75,1.07
2015.01.13 18:09:25.111,7.74971,7.75301,1.00,1.07
2015.01.13 18:09:25.262,7.74971,7.75301,1.00,1.00
2015.01.13 18:09:25.313,7.74971,7.75301,1.75,1.00
2015.01.13 18:09:25.703,7.74971,7.75301,1.75,1.00
2015.01.13 18:09:26.275,7.74971,7.75301,1.75,1.00
2015.01.13 18:09:26.682,7.74971,7.75301,1.75,1.00
2015.01.13 18:09:29.223,7.7496,7.75301,1.75,1.00
2015.01.13 18:09:29.325,7.7496,7.75357,1.75,1.10
2015.01.13 18:09:29.550,7.74964,7.7532,1.75,1.00
2015.01.13 18:09:29.897,7.7497,7.7532,1.75,1.00
2015.01.13 18:09:32.028,7.74975,7.7532,1.75,1.00
2015.01.13 18:09:34.930,7.74977,7.7532,1.75,1.00
2015.01.13 18:09:35.457,7.74954,7.7532,1.75,1.00
2015.01.13 18:09:35.778,7.74958,7.7532,1.75,1.00
2015.01.13 18:09:36.294,7.74964,7.7532,1.75,1.00
2015.01.13 18:09:36.598,7.74959,7.7532,1.75,1.00
2015.01.13 18:09:38.928,7.74959,7.7532,1.75,1.00
2015.01.13 18:09:39.279,7.74984,7.7532,1.75,1.00
2015.01.13 18:09:45.077,7.74977,7.7532,1.01,1.00
2015.01.13 18:09:45.178,7.74977,7.7532,1.01,1.00
2015.01.13 18:09:45.279,7.74946,7.7532,1.82,1.00
2015.01.13 18:09:45.482,7.74931,7.7532,1.82,1.00
2015.01.13 18:09:45.583,7.74931,7.7532,1.75,1.07
2015.01.13 18:09:45.896,7.74931,7.7532,1.75,1.07
2015.01.13 18:09:45.997,7.74931,7.7532,1.75,1.07
2015.01.13 18:09:53.380,7.74931,7.7532,1.75,1.07
2015.01.13 18:09:53.535,7.74949,7.7532,1.82,1.00
2015.01.13 18:09:54.905,7.74957,7.7532,1.82,1.00
2015.01.13 18:09:55.920,7.74957,7.7532,1.82,1.00
2015.01.13 18:09:56.021,7.7495,7.7532,1.01,1.00
2015.01.13 18:09:56.325,7.74932,7.753,1.94,1.07
2015.01.13 18:09:56.758,7.74932,7.753,1.75,1.07
2015.01.13 18:10:00.745,7.74932,7.753,1.85,1.00
2015.01.13 18:10:01.978,7.74933,7.753,1.75,1.00
2015.01.13 18:10:02.080,7.7495,7.75338,1.12,1.00
2015.01.13 18:10:02.131,7.7495,7.75341,1.12,1.00
2015.01.13 18:10:02.284,7.7495,7.75341,1.12,1.00
2015.01.13 18:10:02.386,7.74962,7.75341,1.82,1.00
2015.01.13 18:10:02.438,7.7495,7.75315,1.12,1.00
2015.01.13 18:10:03.001,7.7494,7.75315,1.82,1.00
2015.01.13 18:10:03.964,7.74949,7.75315,1.01,1.00
2015.01.13 18:10:04.967,7.74949,7.75315,1.01,1.00
2015.01.13 18:10:05.877,7.74949,7.75315,1.01,1.00
2015.01.13 18:10:06.317,7.74935,7.75315,1.01,1.00
2015.01.13 18:10:06.368,7.74941,7.75347,1.12,1.00
2015.01.13 18:10:06.469,7.74933,7.75347,1.87,1.07
2015.01.13 18:10:06.773,7.7494,7.75314,1.12,1.00
2015.01.13 18:10:07.077,7.7494,7.75314,1.87,1.00
2015.01.13 18:10:07.525,7.74944,7.75314,1.82,1.00
2015.01.13 18:10:08.339,7.74938,7.75314,1.82,1.00
2015.01.13 18:10:08.652,7.74953,7.75314,1.01,1.00
2015.01.13 18:10:08.772,7.74953,7.75314,1.01,1.00
2015.01.13 18:10:10.917,7.74955,7.75314,1.94,1.00
2015.01.13 18:10:10.967,7.74955,7.75374,1.94,1.37
2015.01.13 18:10:11.119,7.7497,7.75374,2.07,1.07
2015.01.13 18:10:11.220,7.7497,7.75374,2.07,1.07
2015.01.13 18:10:11.321,7.74991,7.75334,1.12,1.00
2015.01.13 18:10:11.423,7.74991,7.75334,1.12,1.00
2015.01.13 18:10:11.727,7.74991,7.75334,1.12,1.00
2015.01.13 18:10:11.929,7.74991,7.75334,1.12,1.00
2015.01.13 18:10:14.155,7.74991,7.75369,1.12,1.00
2015.01.13 18:10:14.206,7.75022,7.75375,1.35,1.00
2015.01.13 18:10:14.307,7.75022,7.75416,1.35,1.37
2015.01.13 18:10:14.564,7.75022,7.75416,1.35,1.37
2015.01.13 18:10:14.615,7.75039,7.75416,1.01,1.00
2015.01.13 18:10:14.768,7.75039,7.75416,1.01,1.00
2015.01.13 18:10:14.870,7.75039,7.75416,1.01,1.00
2015.01.13 18:10:14.972,7.75039,7.75398,1.01,1.00
2015.01.13 18:10:15.417,7.75039,7.75398,1.01,1.00
2015.01.13 18:10:15.806,7.75039,7.75386,1.01,1.00
2015.01.13 18:10:17.145,7.75022,7.75386,1.54,1.07
2015.01.13 18:10:17.196,7.75022,7.75386,1.54,1.07
2015.01.13 18:10:17.399,7.75027,7.75386,1.01,1.00
2015.01.13 18:10:17.588,7.75027,7.75386,1.01,1.00
2015.01.13 18:10:19.272,7.75027,7.75386,1.01,1.00
2015.01.13 18:10:19.576,7.75027,7.75386,1.01,1.00
2015.01.13 18:10:21.210,7.75027,7.75386,1.01,1.00
2015.01.13 18:10:22.506,7.75022,7.75386,1.42,1.00
2015.01.13 18:10:27.481,7.75022,7.75386,1.35,1.00
2015.01.13 18:10:29.571,7.75022,7.75386,1.42,1.00
2015.01.13 18:10:29.797,7.75022,7.75386,1.42,1.00
2015.01.13 18:10:30.463,7.75022,7.75386,1.35,1.00
2015.01.13 18:10:30.514,7.75022,7.75377,1.35,1.00
2015.01.13 18:10:31.807,7.75022,7.75378,1.35,1.00
2015.01.13 18:10:32.986,7.75022,7.75378,1.35,1.00
2015.01.13 18:10:34.082,7.75022,7.75378,1.35,1.00
2015.01.13 18:10:43.784,7.75022,7.75367,1.42,1.00
2015.01.13 18:10:44.371,7.75022,7.75378,1.35,1.00
2015.01.13 18:10:47.151,7.75011,7.75378,1.01,1.00
2015.01.13 18:10:49.474,7.75013,7.75378,1.01,1.00
2015.01.13 18:10:49.525,7.75013,7.75398,1.01,1.00
2015.01.13 18:10:49.627,7.75013,7.75407,1.01,1.00
2015.01.13 18:10:49.729,7.75022,7.75407,2.00,1.00
2015.01.13 18:10:50.266,7.75033,7.75408,1.75,1.00
2015.01.13 18:10:51.717,7.75034,7.75408,1.82,1.00
2015.01.13 18:10:53.449,7.75034,7.75408,1.82,1.00
2015.01.13 18:10:53.500,7.75035,7.75418,2.12,1.00
2015.01.13 18:10:53.551,7.75035,7.75418,2.12,1.00
2015.01.13 18:10:53.602,7.75044,7.75448,1.12,1.00
2015.01.13 18:10:53.856,7.75082,7.75448,1.82,1.00
2015.01.13 18:10:54.047,7.75091,7.75468,1.01,1.00
2015.01.13 18:10:54.284,7.75098,7.75458,1.82,1.00
2015.01.13 18:10:54.386,7.75098,7.75477,1.82,1.00
2015.01.13 18:10:54.686,7.75098,7.75468,1.82,1.00
2015.01.13 18:10:55.790,7.75098,7.75458,1.82,1.00
2015.01.13 18:10:58.985,7.75099,7.75478,1.01,1.00
2015.01.13 18:10:59.086,7.7511,7.75478,1.94,1.00
2015.01.13 18:10:59.238,7.75125,7.75498,1.82,1.00
2015.01.13 18:10:59.347,7.75125,7.75508,1.82,1.00
2015.01.13 18:10:59.449,7.75136,7.75508,1.75,1.00
2015.01.13 18:10:59.552,7.75136,7.75508,1.82,1.00
2015.01.13 18:10:59.846,7.75146,7.75508,1.75,1.00
2015.01.13 18:10:59.897,7.75146,7.75527,1.75,1.00
2015.01.13 18:11:00.066,7.75142,7.75518,1.75,1.00
2015.01.13 18:11:01.936,7.75142,7.75527,1.94,1.00
2015.01.13 18:11:02.246,7.75139,7.75527,1.01,1.00
2015.01.13 18:11:02.378,7.75139,7.75508,1.01,1.00
2015.01.13 18:11:03.378,7.75139,7.75508,1.01,1.00
2015.01.13 18:11:03.480,7.75148,7.75558,1.12,1.00
2015.01.13 18:11:03.633,7.75156,7.75568,1.01,1.37
2015.01.13 18:11:03.734,7.75156,7.75548,1.01,1.00
2015.01.13 18:11:04.291,7.75156,7.75548,1.01,1.00
2015.01.13 18:11:04.612,7.75156,7.75518,1.01,1.00
2015.01.13 18:11:04.901,7.75156,7.75518,1.01,1.00
2015.01.13 18:11:05.842,7.75138,7.75518,1.01,1.00
2015.01.13 18:11:05.943,7.75138,7.75498,1.01,1.00
2015.01.13 18:11:06.925,7.75124,7.75507,1.01,1.00
2015.01.13 18:11:07.440,7.75124,7.75507,1.01,1.00
2015.01.13 18:11:07.592,7.75137,7.75518,1.82,1.00
2015.01.13 18:11:08.128,7.75147,7.75528,1.82,1.00
2015.01.13 18:11:09.607,7.75148,7.75528,1.82,1.00
2015.01.13 18:11:09.709,7.75148,7.75528,1.82,1.00
2015.01.13 18:11:09.760,7.75138,7.75508,1.12,1.00
2015.01.13 18:11:10.185,7.75117,7.75498,2.55,1.00
2015.01.13 18:11:10.627,7.75117,7.75488,2.55,1.00
2015.01.13 18:11:11.286,7.75117,7.75498,2.12,1.00
2015.01.13 18:11:11.986,7.75122,7.75518,1.82,1.00
2015.01.13 18:11:12.038,7.75122,7.75518,1.82,1.00
2015.01.13 18:11:12.190,7.75142,7.75528,1.75,1.00
2015.01.13 18:11:12.326,7.75142,7.75518,1.82,1.00
2015.01.13 18:11:12.616,7.75142,7.75518,1.82,1.00
2015.01.13 18:11:14.147,7.75134,7.75508,1.75,1.00
2015.01.13 18:11:14.647,7.75135,7.75508,1.75,1.00
2015.01.13 18:11:14.748,7.75189,7.75548,1.75,1.00
2015.01.13 18:11:14.850,7.75189,7.75558,1.75,1.00
2015.01.13 18:11:15.388,7.75189,7.75567,1.94,1.00
2015.01.13 18:11:15.576,7.75189,7.75578,1.94,1.00
2015.01.13 18:11:16.456,7.75189,7.75588,1.94,1.00
2015.01.13 18:11:16.557,7.75204,7.75588,1.75,1.00
2015.01.13 18:11:17.457,7.75204,7.75588,1.94,1.00
2015.01.13 18:11:17.689,7.75215,7.75598,1.01,1.00
2015.01.13 18:11:17.790,7.75215,7.75608,1.01,1.00
2015.01.13 18:11:17.998,7.7522,7.75618,1.82,1.00
2015.01.13 18:11:18.107,7.7522,7.75608,1.82,1.00
2015.01.13 18:11:18.632,7.75215,7.75608,1.01,1.00
2015.01.13 18:11:18.683,7.75214,7.75578,1.94,1.00
2015.01.13 18:11:18.986,7.75203,7.75568,2.24,1.00
2015.01.13 18:11:19.299,7.75203,7.75557,2.05,1.00
2015.01.13 18:11:19.350,7.75203,7.75568,2.05,1.00
2015.01.13 18:11:19.555,7.75203,7.75558,2.05,1.00
2015.01.13 18:11:20.017,7.75203,7.75548,2.05,1.00
2015.01.13 18:11:21.239,7.75203,7.75548,2.05,1.00
2015.01.13 18:11:21.340,7.75203,7.75528,2.05,1.00
2015.01.13 18:11:21.644,7.7514,7.75508,1.01,1.00
2015.01.13 18:11:21.965,7.7514,7.75498,1.01,1.00
2015.01.13 18:11:30.757,7.7514,7.75497,1.01,1.00
2015.01.13 18:11:31.894,7.7514,7.75508,1.01,1.00
2015.01.13 18:11:35.046,7.7514,7.75498,1.01,1.00
2015.01.13 18:11:36.586,7.75133,7.75488,1.82,1.00
2015.01.13 18:11:36.772,7.75133,7.75488,1.82,1.00
2015.01.13 18:11:39.310,7.75133,7.75488,1.82,1.00
2015.01.13 18:11:39.361,7.75133,7.75508,1.82,1.00
2015.01.13 18:11:41.974,7.7514,7.75498,1.01,1.00
2015.01.13 18:11:42.526,7.7514,7.75488,1.01,1.00
2015.01.13 18:11:43.185,7.7514,7.75497,1.01,1.00
2015.01.13 18:11:46.749,7.75133,7.75488,2.04,1.00
2015.01.13 18:11:47.474,7.75133,7.75527,2.04,1.00
2015.01.13 18:11:47.626,7.75143,7.75527,2.12,1.00
2015.01.13 18:11:47.728,7.75143,7.75557,2.12,1.63
2015.01.13 18:11:47.829,7.75162,7.75557,1.93,1.00
2015.01.13 18:11:48.051,7.75162,7.75568,1.93,1.00
2015.01.13 18:11:48.502,7.75162,7.75557,1.93,1.00
2015.01.13 18:11:48.713,7.75162,7.75568,1.93,1.00
2015.01.13 18:11:48.946,7.75162,7.75568,1.93,1.00
2015.01.13 18:11:49.978,7.75172,7.75568,1.93,1.00
2015.01.13 18:11:50.029,7.75172,7.75588,1.93,1.00
2015.01.13 18:11:50.080,7.75193,7.75588,1.93,1.00
2015.01.13 18:11:50.131,7.75193,7.75608,1.93,1.00
2015.01.13 18:11:50.182,7.75192,7.75608,1.93,1.00
2015.01.13 18:11:50.285,7.75193,7.75608,1.75,1.00
2015.01.13 18:11:50.446,7.75193,7.75587,1.75,1.00
2015.01.13 18:11:51.700,7.75202,7.75598,1.93,1.00
2015.01.13 18:11:51.955,7.75202,7.75598,1.93,1.00
2015.01.13 18:11:52.193,7.75202,7.75598,1.93,1.00
2015.01.13 18:11:52.557,7.75212,7.75598,1.93,1.00
2015.01.13 18:11:52.961,7.75202,7.75598,1.93,1.00
2015.01.13 18:11:53.013,7.75202,7.75578,1.93,1.00
2015.01.13 18:11:53.630,7.75212,7.75578,1.93,1.00
2015.01.13 18:11:55.835,7.75202,7.75588,1.93,1.00
2015.01.13 18:11:56.745,7.75202,7.75578,1.93,1.00
2015.01.13 18:11:57.094,7.75202,7.75568,1.93,1.00
2015.01.13 18:11:57.526,7.75212,7.75578,1.93,1.00
2015.01.13 18:11:57.735,7.75212,7.75587,1.93,1.00
2015.01.13 18:11:58.535,7.75212,7.75577,1.93,1.00
2015.01.13 18:11:58.911,7.75212,7.75578,1.93,1.00
2015.01.13 18:12:00.676,7.75212,7.75578,1.93,1.00
2015.01.13 18:12:00.815,7.75202,7.75567,2.12,1.00
2015.01.13 18:12:00.967,7.75202,7.75578,2.12,1.00
2015.01.13 18:12:01.018,7.75202,7.75578,2.12,1.00
2015.01.13 18:12:01.537,7.75202,7.75568,2.12,1.00
2015.01.13 18:12:01.999,7.75202,7.75568,2.12,1.00
2015.01.13 18:12:02.050,7.75202,7.75558,1.93,1.00
2015.01.13 18:12:02.303,7.75202,7.75558,1.93,1.00
2015.01.13 18:12:03.224,7.75193,7.75558,1.93,1.00
2015.01.13 18:12:03.275,7.75182,7.75548,1.82,1.00
2015.01.13 18:12:03.578,7.75172,7.75528,2.12,1.00
2015.01.13 18:12:03.629,7.75172,7.75528,2.12,1.00
2015.01.13 18:12:03.831,7.75169,7.75518,1.35,1.00
2015.01.13 18:12:03.932,7.75169,7.75518,1.35,1.00
2015.01.13 18:12:04.011,7.75169,7.75518,1.35,1.00
2015.01.13 18:12:04.521,7.75202,7.75508,1.93,1.00
2015.01.13 18:12:04.990,7.75203,7.75508,1.93,1.00
2015.01.13 18:12:05.115,7.75203,7.75518,1.93,1.00
2015.01.13 18:12:05.656,7.75213,7.75537,1.93,1.00
2015.01.13 18:12:05.916,7.75212,7.75527,1.93,1.00
2015.01.13 18:12:06.323,7.75223,7.75558,1.93,1.00
2015.01.13 18:12:06.994,7.75232,7.75568,1.93,1.00
2015.01.13 18:12:10.512,7.75242,7.75568,2.12,1.00
2015.01.13 18:12:14.272,7.75242,7.75557,1.93,1.00
2015.01.13 18:12:14.417,7.75242,7.75557,1.93,1.00
2015.01.13 18:12:14.569,7.75232,7.75548,1.93,1.00
2015.01.13 18:12:14.895,7.75232,7.75558,1.93,1.00
2015.01.13 18:12:14.947,7.75242,7.75558,1.93,1.00
2015.01.13 18:12:15.005,7.75242,7.75568,1.93,1.00
2015.01.13 18:12:17.224,7.75252,7.75568,1.93,1.00
2015.01.13 18:12:17.326,7.75242,7.75568,2.12,1.00
2015.01.13 18:12:17.444,7.75242,7.75558,2.12,1.00
2015.01.13 18:12:17.926,7.75242,7.75558,2.12,1.00
2015.01.13 18:12:18.085,7.75243,7.75548,2.12,1.00
2015.01.13 18:12:19.652,7.75242,7.75548,1.75,1.00
2015.01.13 18:12:19.757,7.75242,7.75568,1.93,1.00
2015.01.13 18:12:19.931,7.75252,7.75568,1.75,1.00
2015.01.13 18:12:19.982,7.75252,7.75578,1.75,1.00
2015.01.13 18:12:25.758,7.75399,7.75578,1.50,1.00
2015.01.13 18:12:26.062,7.75486,7.75678,2.10,1.00
2015.01.13 18:12:26.163,7.75486,7.75698,2.10,1.00
2015.01.13 18:12:26.265,7.75486,7.75707,2.10,1.00
2015.01.13 18:12:26.817,7.75486,7.75708,2.10,1.00
2015.01.13 18:12:29.195,7.75486,7.75698,2.29,1.00
2015.01.13 18:12:29.684,7.75486,7.75688,2.29,1.00
2015.01.13 18:12:30.504,7.75467,7.75688,1.26,1.00
2015.01.13 18:12:30.555,7.75467,7.75678,1.26,1.00
2015.01.13 18:12:30.657,7.75468,7.75667,1.00,1.00
2015.01.13 18:12:30.708,7.75467,7.75667,1.07,1.00
2015.01.13 18:12:30.869,7.75467,7.75738,1.00,1.00
2015.01.13 18:12:31.751,7.75467,7.75748,1.00,1.00
2015.01.13 18:12:31.953,7.75522,7.75747,1.18,1.00
2015.01.13 18:12:32.156,7.7551,7.75747,1.50,1.00
2015.01.13 18:12:32.207,7.7551,7.75823,2.25,1.72
2015.01.13 18:12:32.258,7.7551,7.75882,2.25,1.00
2015.01.13 18:12:32.309,7.75692,7.75882,1.60,1.00
2015.01.13 18:12:32.359,7.75692,7.76011,1.60,1.30
2015.01.13 18:12:32.713,7.7565,7.76031,2.10,1.30
2015.01.13 18:12:32.832,7.7565,7.76093,2.10,1.30
2015.01.13 18:12:33.035,7.75649,7.76185,2.17,1.37
2015.01.13 18:12:33.137,7.75649,7.76185,1.67,1.75
2015.01.13 18:12:33.488,7.75649,7.76185,1.60,1.75
2015.01.13 18:12:34.264,7.75654,7.76159,1.35,1.12
2015.01.13 18:12:34.384,7.75649,7.76159,1.60,1.12
2015.01.13 18:12:37.780,7.75649,7.76067,1.60,1.00
2015.01.13 18:12:37.881,7.75654,7.76067,1.67,1.00
2015.01.13 18:12:38.264,7.75654,7.76058,1.67,1.37
2015.01.13 18:12:40.108,7.75619,7.76058,2.09,1.37
2015.01.13 18:12:40.953,7.75619,7.76058,1.49,1.37
2015.01.13 18:12:41.155,7.75619,7.76047,1.49,1.07
2015.01.13 18:12:41.206,7.75619,7.76007,1.30,1.75
2015.01.13 18:12:41.257,7.75598,7.76007,1.75,1.75
2015.01.13 18:12:41.308,7.75575,7.75997,2.10,1.45
2015.01.13 18:12:41.612,7.75592,7.75997,1.35,1.07
2015.01.13 18:12:41.815,7.75605,7.76038,1.79,1.07
2015.01.13 18:12:42.839,7.75618,7.76058,1.35,1.37
2015.01.13 18:12:43.468,7.75618,7.76068,1.42,1.07
2015.01.13 18:12:43.519,7.75618,7.76088,1.42,1.37
2015.01.13 18:12:43.591,7.75618,7.76088,1.42,1.37
2015.01.13 18:12:44.099,7.75618,7.76058,1.42,1.00
2015.01.13 18:12:44.255,7.75636,7.76078,1.12,1.00
2015.01.13 18:12:44.407,7.75636,7.76088,1.12,1.00
2015.01.13 18:12:44.493,7.75636,7.76088,1.12,1.00
2015.01.13 18:12:44.996,7.75652,7.76088,1.82,1.00
2015.01.13 18:12:45.163,7.75652,7.76088,1.75,1.37
2015.01.13 18:12:46.604,7.75652,7.76078,1.00,1.37
2015.01.13 18:12:46.655,7.75652,7.76078,1.00,1.00
2015.01.13 18:12:46.706,7.75652,7.76113,1.00,1.12
2015.01.13 18:12:46.909,7.75612,7.76106,1.18,1.12
2015.01.13 18:12:47.010,7.75612,7.76102,1.18,1.12
2015.01.13 18:12:47.341,7.75622,7.76102,1.00,1.12
2015.01.13 18:12:47.654,7.75632,7.76101,1.78,1.12
2015.01.13 18:12:47.863,7.75636,7.76108,1.35,1.07
2015.01.13 18:12:48.015,7.75628,7.76108,1.35,1.75
2015.01.13 18:12:48.343,7.75664,7.76108,1.00,1.75
2015.01.13 18:12:48.445,7.75664,7.76108,1.00,1.37
2015.01.13 18:12:49.204,7.75664,7.76107,1.00,1.50
2015.01.13 18:12:50.223,7.75664,7.76107,1.00,1.37
2015.01.13 18:12:52.164,7.75664,7.76118,1.00,1.82
2015.01.13 18:12:52.215,7.75622,7.76106,1.18,1.01
2015.01.13 18:12:52.266,7.75622,7.76101,1.18,1.31
2015.01.13 18:12:52.569,7.75632,7.76095,1.18,1.31
2015.01.13 18:12:52.721,7.75622,7.76082,1.18,1.31
2015.01.13 18:12:52.823,7.75612,7.76082,1.18,1.31
2015.01.13 18:12:53.948,7.75613,7.76082,1.18,1.31
2015.01.13 18:12:55.882,7.75622,7.76082,1.18,1.31
2015.01.13 18:12:56.938,7.75642,7.76082,1.18,1.31
2015.01.13 18:12:56.994,7.75632,7.76082,1.18,1.31
2015.01.13 18:12:57.100,7.75642,7.76082,1.18,1.31
2015.01.13 18:12:57.203,7.75632,7.76082,1.18,1.31
2015.01.13 18:12:57.944,7.75642,7.76082,1.18,1.31
2015.01.13 18:12:58.050,7.75632,7.76082,1.00,1.31
2015.01.13 18:13:00.705,7.75643,7.76095,1.18,2.24
2015.01.13 18:13:01.497,7.75652,7.76095,1.18,2.24
2015.01.13 18:13:01.649,7.75652,7.76095,1.18,1.86
2015.01.13 18:13:01.851,7.75642,7.76095,1.18,1.86
2015.01.13 18:13:03.022,7.75642,7.76095,1.37,1.86
2015.01.13 18:13:03.325,7.75843,7.76188,1.93,1.00
2015.01.13 18:13:03.376,7.75842,7.76188,1.18,1.00
2015.01.13 18:13:03.428,7.75842,7.76237,1.18,1.01
2015.01.13 18:13:03.479,7.75833,7.76268,2.25,1.56
2015.01.13 18:13:03.580,7.75833,7.76268,2.25,1.56
2015.01.13 18:13:03.631,7.75833,7.76268,2.25,1.00
2015.01.13 18:13:03.681,7.75867,7.76226,1.00,1.00
2015.01.13 18:13:04.006,7.75867,7.76208,1.00,1.00
2015.01.13 18:13:04.635,7.75867,7.76208,1.00,1.19
2015.01.13 18:13:04.838,7.75867,7.76228,1.00,1.19
2015.01.13 18:13:05.831,7.75867,7.76228,1.00,1.00
2015.01.13 18:13:05.883,7.75867,7.76228,1.75,1.75
2015.01.13 18:13:06.947,7.75857,7.76234,3.78,1.94
2015.01.13 18:13:06.998,7.75857,7.76234,3.03,1.94
2015.01.13 18:13:07.049,7.75802,7.76234,1.50,1.94
2015.01.13 18:13:07.201,7.75802,7.76234,2.25,1.94
2015.01.13 18:13:07.302,7.75802,7.76234,1.50,1.94
2015.01.13 18:13:07.353,7.75802,7.76234,1.50,2.44
2015.01.13 18:13:07.868,7.75743,7.76219,1.00,2.24
2015.01.13 18:13:08.044,7.75743,7.76197,1.00,1.94
2015.01.13 18:13:08.145,7.75697,7.76168,1.00,1.19
2015.01.13 18:13:08.196,7.75692,7.76143,1.00,1.19
2015.01.13 18:13:08.247,7.75693,7.76143,1.18,1.19
2015.01.13 18:13:08.564,7.75712,7.76143,1.00,1.94
2015.01.13 18:13:08.623,7.75702,7.76143,1.00,1.94
2015.01.13 18:13:10.147,7.75703,7.76069,1.18,1.01
2015.01.13 18:13:10.350,7.75692,7.76069,1.18,1.01
2015.01.13 18:13:10.552,7.75692,7.7606,1.18,1.01
2015.01.13 18:13:10.704,7.75682,7.76048,1.18,1.01
2015.01.13 18:13:10.856,7.75682,7.76038,1.18,1.31
2015.01.13 18:13:12.282,7.75607,7.76038,1.75,1.31
2015.01.13 18:13:12.435,7.75621,7.76033,1.00,1.12
2015.01.13 18:13:12.984,7.75555,7.76031,2.24,1.12
2015.01.13 18:13:13.315,7.75555,7.76087,2.05,1.75
2015.01.13 18:13:14.973,7.75555,7.76069,2.05,1.75
2015.01.13 18:13:16.618,7.75555,7.76069,2.05,1.75
2015.01.13 18:13:18.433,7.75642,7.76069,1.00,1.75
2015.01.13 18:13:18.484,7.75642,7.76069,1.00,1.37
2015.01.13 18:13:21.548,7.75642,7.76069,1.00,1.75
2015.01.13 18:13:22.687,7.75576,7.76069,1.75,1.75
2015.01.13 18:13:22.788,7.75576,7.76069,1.75,1.75
2015.01.13 18:13:22.839,7.75576,7.76069,1.75,1.75
2015.01.13 18:13:23.037,7.75576,7.76069,1.75,1.75
2015.01.13 18:13:25.162,7.75576,7.76069,1.75,1.75
2015.01.13 18:13:30.583,7.75576,7.76069,1.75,1.37
2015.01.13 18:13:36.473,7.75591,7.76069,2.05,1.37
2015.01.13 18:13:36.592,7.75591,7.76069,2.05,1.75
2015.01.13 18:13:37.491,7.75591,7.76069,2.05,1.75
2015.01.13 18:13:38.686,7.75591,7.76069,2.05,1.75
2015.01.13 18:13:44.836,7.75591,7.76069,2.05,1.75
2015.01.13 18:13:44.939,7.75601,7.76069,1.75,1.75
2015.01.13 18:13:45.202,7.75591,7.76069,2.05,1.75
2015.01.13 18:13:45.414,7.75591,7.76069,1.67,1.75
2015.01.13 18:13:47.175,7.75591,7.76069,1.67,1.37
2015.01.13 18:13:47.813,7.75591,7.76069,1.67,1.75
2015.01.13 18:13:48.143,7.75591,7.76069,2.05,1.75
2015.01.13 18:13:53.633,7.75586,7.76069,1.35,1.75
2015.01.13 18:13:53.785,7.75586,7.76069,1.35,1.37
2015.01.13 18:13:55.428,7.75586,7.76069,1.30,1.37
2015.01.13 18:13:55.580,7.75586,7.76054,1.30,1.12
2015.01.13 18:13:56.858,7.75566,7.76031,1.30,1.75
2015.01.13 18:13:56.909,7.7551,7.76031,1.31,1.75
2015.01.13 18:13:57.484,7.75516,7.76041,1.75,1.12
2015.01.13 18:13:57.744,7.75528,7.76023,1.00,1.75
2015.01.13 18:13:58.362,7.75516,7.76022,1.75,1.75
2015.01.13 18:13:58.792,7.75513,7.76004,1.75,1.37
2015.01.13 18:13:59.047,7.75513,7.76004,1.75,1.37
2015.01.13 18:13:59.855,7.75518,7.76004,1.75,1.37
2015.01.13 18:14:01.556,7.75523,7.76004,1.75,1.37
2015.01.13 18:14:01.913,7.75523,7.76004,1.75,1.75
2015.01.13 18:14:07.467,7.75523,7.76004,1.75,1.75
2015.01.13 18:14:11.104,7.75511,7.76004,1.75,1.75
2015.01.13 18:14:11.587,7.7551,7.75977,1.00,1.12
2015.01.13 18:14:11.689,7.75496,7.75977,1.67,1.12
2015.01.13 18:14:11.745,7.75496,7.75972,1.67,1.12
2015.01.13 18:14:12.117,7.75496,7.75972,1.67,1.12
2015.01.13 18:14:13.818,7.75496,7.75943,1.30,1.12
2015.01.13 18:14:17.502,7.75482,7.75932,1.00,1.75
2015.01.13 18:14:20.245,7.75482,7.75932,1.75,1.75
2015.01.13 18:14:26.471,7.75482,7.75932,1.75,1.37
2015.01.13 18:14:26.573,7.75482,7.75932,1.75,1.37
2015.01.13 18:14:26.776,7.75488,7.75932,1.75,1.00
2015.01.13 18:14:30.951,7.75513,7.75932,1.75,1.00
2015.01.13 18:14:32.234,7.75541,7.75932,1.00,1.00
2015.01.13 18:14:32.388,7.75588,7.75999,1.12,1.37
2015.01.13 18:14:32.540,7.75588,7.76019,1.12,1.30
2015.01.13 18:14:32.591,7.75588,7.76049,1.12,1.07
2015.01.13 18:14:32.642,7.75588,7.76049,1.12,1.37
2015.01.13 18:14:33.062,7.75597,7.76049,1.00,1.37
2015.01.13 18:14:33.182,7.75597,7.76049,1.75,1.12
2015.01.13 18:14:34.084,7.75597,7.76049,1.75,1.87
2015.01.13 18:14:34.186,7.75574,7.7602,1.00,1.12
2015.01.13 18:14:34.287,7.75548,7.7602,1.00,1.12
2015.01.13 18:14:35.190,7.75548,7.76013,1.75,1.12
2015.01.13 18:14:36.151,7.75548,7.76017,1.75,1.37
2015.01.13 18:14:36.252,7.75548,7.76017,1.00,1.37
2015.01.13 18:14:36.303,7.75559,7.76017,1.00,1.37
2015.01.13 18:14:36.849,7.75559,7.76017,1.75,1.37
2015.01.13 18:14:37.584,7.75559,7.76017,1.00,1.37
2015.01.13 18:14:37.686,7.75559,7.76017,1.75,1.37
2015.01.13 18:14:38.900,7.75558,7.76017,1.75,1.37
2015.01.13 18:14:40.275,7.75558,7.76017,1.75,1.37
2015.01.13 18:14:41.447,7.75572,7.76017,1.75,1.07
2015.01.13 18:14:41.497,7.75578,7.76017,1.75,1.07
2015.01.13 18:14:42.393,7.75598,7.76017,1.75,1.07
2015.01.13 18:14:42.494,7.75598,7.7602,1.00,1.07
2015.01.13 18:14:42.706,7.75598,7.76061,1.75,1.12
2015.01.13 18:14:42.757,7.75598,7.76064,1.75,1.12
2015.01.13 18:14:42.922,7.75592,7.7606,1.75,1.12
2015.01.13 18:14:43.413,7.75585,7.76056,1.75,1.82
2015.01.13 18:14:44.063,7.75586,7.76056,1.75,1.82
2015.01.13 18:14:45.205,7.75585,7.76052,1.37,1.82
2015.01.13 18:14:45.408,7.75551,7.76006,1.00,1.12
2015.01.13 18:14:45.460,7.75531,7.76006,1.94,1.12
2015.01.13 18:14:46.831,7.75531,7.76011,1.75,1.37
2015.01.13 18:14:47.630,7.75527,7.75984,2.05,1.07
2015.01.13 18:14:52.388,7.75524,7.75963,1.75,1.00
2015.01.13 18:15:00.932,7.75524,7.75963,1.75,1.00
2015.01.13 18:15:13.860,7.75507,7.75963,1.75,1.00
2015.01.13 18:15:14.165,7.75561,7.75963,1.75,1.00
2015.01.13 18:15:14.216,7.75561,7.76013,1.75,1.12
2015.01.13 18:15:16.084,7.75557,7.76009,1.75,1.07
2015.01.13 18:15:16.185,7.75545,7.76009,1.75,1.82
2015.01.13 18:15:16.489,7.75559,7.75981,1.75,1.00
2015.01.13 18:15:16.641,7.75578,7.76012,1.75,1.82
2015.01.13 18:15:18.772,7.7556,7.76014,1.75,1.07
2015.01.13 18:15:18.885,7.75572,7.76014,1.75,1.20
2015.01.13 18:15:21.278,7.75586,7.76014,2.00,1.07
2015.01.13 18:15:23.384,7.7559,7.76014,1.75,1.07
2015.01.13 18:15:28.944,7.75586,7.76014,1.75,1.07
2015.01.13 18:15:29.045,7.75571,7.76014,1.94,1.82
2015.01.13 18:15:29.147,7.75571,7.76004,1.94,1.12
2015.01.13 18:15:29.278,7.75564,7.75999,2.24,1.12
2015.01.13 18:15:29.398,7.75564,7.76014,2.24,1.75
2015.01.13 18:15:29.601,7.75564,7.75999,2.24,1.12
2015.01.13 18:15:31.203,7.75564,7.76014,2.05,1.75
2015.01.13 18:15:31.305,7.75564,7.76014,2.05,1.75
2015.01.13 18:15:31.356,7.75564,7.76014,2.05,1.45
2015.01.13 18:15:33.140,7.75586,7.76014,1.94,1.07
2015.01.13 18:15:36.857,7.75582,7.76014,1.94,1.00
2015.01.13 18:15:39.402,7.75593,7.76008,1.94,1.00
2015.01.13 18:15:41.973,7.75593,7.76008,1.75,1.37
2015.01.13 18:15:43.442,7.7558,7.76008,1.94,1.00
2015.01.13 18:15:43.543,7.75588,7.76014,1.94,1.00
2015.01.13 18:15:46.162,7.75588,7.76014,1.94,1.00
2015.01.13 18:15:46.863,7.75588,7.76014,1.94,1.00
2015.01.13 18:15:46.915,7.75608,7.76017,1.94,1.00
2015.01.13 18:15:47.168,7.75612,7.76008,1.94,1.00
2015.01.13 18:15:47.562,7.75612,7.76008,1.19,1.00
2015.01.13 18:15:47.715,7.75612,7.76018,1.19,1.50
2015.01.13 18:15:48.026,7.75619,7.76008,1.94,1.00
2015.01.13 18:15:48.152,7.75619,7.76018,1.94,1.50
2015.01.13 18:15:48.593,7.75619,7.76007,1.94,1.00
2015.01.13 18:15:48.928,7.75619,7.76007,1.94,1.00
2015.01.13 18:15:48.979,7.75619,7.76007,1.19,1.00
2015.01.13 18:15:49.080,7.75619,7.75998,1.94,1.00
2015.01.13 18:15:49.472,7.75619,7.76008,1.94,1.00
2015.01.13 18:15:49.888,7.75615,7.76008,1.00,1.00
2015.01.13 18:15:50.222,7.75615,7.76008,1.75,1.00
2015.01.13 18:15:50.273,7.75615,7.76018,1.75,1.50
2015.01.13 18:15:52.006,7.75615,7.76018,1.00,1.50
2015.01.13 18:15:52.113,7.75615,7.76018,1.75,1.00
2015.01.13 18:15:52.564,7.75634,7.76018,1.94,1.00
2015.01.13 18:15:53.921,7.75634,7.76018,1.94,1.00
2015.01.13 18:15:55.135,7.75629,7.76018,1.00,1.00
2015.01.13 18:15:55.236,7.75629,7.76018,1.75,1.00
2015.01.13 18:15:56.138,7.75629,7.76018,1.75,1.00
2015.01.13 18:15:58.733,7.75629,7.76018,1.94,1.00
2015.01.13 18:15:58.835,7.75619,7.76018,1.94,1.50
2015.01.13 18:15:58.936,7.75619,7.75988,1.94,1.00
2015.01.13 18:15:59.088,7.75612,7.75997,1.69,1.00
2015.01.13 18:15:59.303,7.75595,7.75997,1.94,1.00
2015.01.13 18:15:59.599,7.75595,7.75997,1.94,1.00
2015.01.13 18:15:59.751,7.75601,7.76018,1.94,1.00
2015.01.13 18:16:00.001,7.75601,7.76018,1.19,1.00
2015.01.13 18:16:00.233,7.75601,7.76018,1.94,1.00
2015.01.13 18:16:01.602,7.75601,7.76018,1.94,1.00
2015.01.13 18:16:02.580,7.75608,7.76018,1.75,1.00
2015.01.13 18:16:02.681,7.75599,7.76018,1.19,1.50
2015.01.13 18:16:02.782,7.75599,7.76007,1.94,1.00
2015.01.13 18:16:03.035,7.75593,7.76018,1.94,1.50
2015.01.13 18:16:03.178,7.75593,7.76018,1.94,1.50
2015.01.13 18:16:03.461,7.75621,7.76018,1.00,1.00
2015.01.13 18:16:03.951,7.75621,7.76018,1.75,1.00
2015.01.13 18:16:04.253,7.75621,7.76018,1.75,1.00
2015.01.13 18:16:05.384,7.75621,7.76018,1.94,1.00
2015.01.13 18:16:05.761,7.75621,7.76018,1.94,1.00
2015.01.13 18:16:10.973,7.75625,7.76018,1.94,1.00
2015.01.13 18:16:12.143,7.75631,7.76018,1.94,1.00
2015.01.13 18:16:13.179,7.75638,7.76018,1.94,1.00
2015.01.13 18:16:16.552,7.75638,7.76018,1.94,1.00
2015.01.13 18:16:17.010,7.75614,7.76018,1.94,1.00
2015.01.13 18:16:17.112,7.75614,7.75988,1.56,1.00
2015.01.13 18:16:17.415,7.75588,7.75978,1.86,1.00
2015.01.13 18:16:17.600,7.75588,7.75978,1.67,1.00
2015.01.13 18:16:17.651,7.75588,7.75978,2.05,1.00
2015.01.13 18:16:19.318,7.75588,7.75978,1.30,1.00
2015.01.13 18:16:19.420,7.75588,7.75978,2.05,1.00
2015.01.13 18:16:19.522,7.75588,7.75988,2.05,1.00
2015.01.13 18:16:20.423,7.75588,7.75998,1.91,1.00
2015.01.13 18:16:20.524,7.75588,7.76018,1.91,1.75
2015.01.13 18:16:21.225,7.75588,7.76018,1.16,1.00
2015.01.13 18:16:21.327,7.75588,7.76018,1.91,1.00
2015.01.13 18:16:21.734,7.75584,7.76018,1.19,1.00
2015.01.13 18:16:21.841,7.75584,7.76008,1.19,1.00
2015.01.13 18:16:22.293,7.75584,7.76008,1.94,1.00
2015.01.13 18:16:23.179,7.75584,7.75998,1.94,1.00
2015.01.13 18:16:23.508,7.75584,7.75988,1.94,1.00
2015.01.13 18:16:24.544,7.75584,7.75988,1.19,1.00
2015.01.13 18:16:24.646,7.75584,7.75988,1.94,1.00
2015.01.13 18:16:27.360,7.75584,7.75988,1.75,1.07
2015.01.13 18:16:28.289,7.75584,7.75988,1.75,1.07
2015.01.13 18:16:31.162,7.75584,7.75998,1.19,1.07
2015.01.13 18:16:31.263,7.75584,7.75998,1.94,1.07
2015.01.13 18:16:32.404,7.75584,7.75998,1.19,1.07
2015.01.13 18:16:32.471,7.75584,7.75998,1.94,1.07
2015.01.13 18:16:33.678,7.75584,7.75998,1.94,1.07
2015.01.13 18:16:33.941,7.75584,7.75948,1.94,1.00
2015.01.13 18:16:33.992,7.75584,7.75948,1.19,1.00
2015.01.13 18:16:34.194,7.75584,7.75937,1.19,1.07
2015.01.13 18:16:35.375,7.75547,7.75928,2.24,1.00
2015.01.13 18:16:35.933,7.75547,7.75928,2.05,1.00
2015.01.13 18:16:36.034,7.75547,7.75928,1.30,1.00
2015.01.13 18:16:36.189,7.75547,7.75928,2.05,1.00
2015.01.13 18:16:37.045,7.75547,7.75938,2.05,1.07
2015.01.13 18:16:37.147,7.75547,7.75949,2.05,1.00
2015.01.13 18:16:38.133,7.75547,7.75949,2.24,1.00
2015.01.13 18:16:38.909,7.75547,7.7596,2.24,1.00
2015.01.13 18:16:39.507,7.75553,7.7596,1.94,1.00
2015.01.13 18:16:39.608,7.75552,7.7596,1.94,1.00
2015.01.13 18:16:39.896,7.75547,7.7596,2.24,1.07
2015.01.13 18:16:39.947,7.75547,7.7596,1.30,1.45
2015.01.13 18:16:40.199,7.75522,7.75962,1.19,1.12
2015.01.13 18:16:40.514,7.75483,7.75935,1.26,1.12
2015.01.13 18:16:40.836,7.75498,7.75934,1.19,1.12
2015.01.13 18:16:42.537,7.75498,7.75934,1.00,1.12
2015.01.13 18:16:42.588,7.75511,7.75934,1.00,1.12
2015.01.13 18:16:42.740,7.75511,7.75962,1.20,1.12
2015.01.13 18:16:44.543,7.75511,7.75962,1.39,1.12
2015.01.13 18:16:46.454,7.75562,7.75973,1.00,1.75
2015.01.13 18:16:46.828,7.75562,7.75973,1.00,1.37
2015.01.13 18:16:48.663,7.75562,7.75973,1.19,1.37
2015.01.13 18:16:50.773,7.75564,7.75973,1.00,1.37
2015.01.13 18:16:52.583,7.75582,7.7598,1.50,1.37
2015.01.13 18:16:52.634,7.75582,7.7598,1.50,1.07
2015.01.13 18:16:52.846,7.75595,7.7598,1.00,1.07
2015.01.13 18:16:53.048,7.75575,7.7598,1.07,1.07
2015.01.13 18:16:53.968,7.75575,7.7598,1.00,1.37
2015.01.13 18:16:57.894,7.75577,7.75991,1.00,1.37
2015.01.13 18:16:58.901,7.75596,7.75991,1.00,1.37
2015.01.13 18:16:58.980,7.75596,7.75991,1.00,1.37
2015.01.13 18:16:59.590,7.75596,7.75991,1.19,1.37
2015.01.13 18:17:01.905,7.7559,7.75991,1.07,1.37
2015.01.13 18:17:06.307,7.7559,7.75998,1.82,1.37
2015.01.13 18:17:06.509,7.7561,7.75998,1.56,1.00
2015.01.13 18:17:06.703,7.75628,7.75998,1.00,1.00
2015.01.13 18:17:08.089,7.75629,7.75998,1.00,1.00
2015.01.13 18:17:08.840,7.75629,7.75998,1.37,1.00
2015.01.13 18:17:11.704,7.75629,7.76009,1.37,1.00
2015.01.13 18:17:12.942,7.75629,7.76009,1.56,1.00
2015.01.13 18:17:13.810,7.75636,7.76009,1.00,1.00
2015.01.13 18:17:17.660,7.75641,7.76009,1.00,1.00
2015.01.13 18:17:22.610,7.75643,7.76009,1.00,1.00
2015.01.13 18:17:22.992,7.75654,7.76009,1.00,1.00
2015.01.13 18:17:26.795,7.757,7.76009,1.19,1.00
2015.01.13 18:17:27.098,7.757,7.76081,1.00,1.75
2015.01.13 18:17:27.149,7.757,7.76081,1.00,1.75
2015.01.13 18:17:29.473,7.757,7.76114,1.00,1.75
2015.01.13 18:17:33.829,7.75626,7.76114,1.75,1.94
2015.01.13 18:17:33.879,7.75626,7.76114,1.75,1.94
2015.01.13 18:17:34.090,7.75626,7.76072,1.37,1.12
2015.01.13 18:17:35.111,7.75626,7.76039,1.00,1.12
2015.01.13 18:17:35.576,7.75626,7.76039,1.00,1.12
2015.01.13 18:17:35.778,7.75626,7.76039,1.00,1.12
2015.01.13 18:17:36.180,7.75626,7.76039,1.00,1.12
2015.01.13 18:17:37.429,7.75626,7.76045,1.12,1.12
2015.01.13 18:17:37.732,7.75626,7.76039,1.37,1.12
2015.01.13 18:17:40.158,7.75626,7.76043,1.75,1.12
2015.01.13 18:17:40.341,7.75626,7.76039,1.75,1.12
2015.01.13 18:17:43.423,7.75622,7.76039,1.00,1.12
2015.01.13 18:17:43.524,7.75613,7.76039,1.69,1.12
2015.01.13 18:17:49.839,7.75613,7.76039,1.94,1.12
2015.01.13 18:17:50.520,7.75622,7.76039,1.00,1.12
2015.01.13 18:17:52.948,7.75622,7.76039,1.19,1.12
2015.01.13 18:17:53.058,7.75622,7.76045,1.94,1.12
2015.01.13 18:17:53.600,7.75623,7.76039,2.00,1.12
2015.01.13 18:17:53.904,7.75673,7.76095,1.82,1.12
2015.01.13 18:17:55.897,7.75688,7.76109,1.75,1.12
2015.01.13 18:17:56.263,7.75688,7.76097,1.75,1.12
2015.01.13 18:18:00.795,7.75681,7.76097,1.37,1.12
2015.01.13 18:18:01.596,7.75681,7.76097,1.37,1.12
2015.01.13 18:18:02.178,7.75681,7.76097,1.50,1.12
2015.01.13 18:18:02.522,7.75692,7.76097,1.00,1.12
2015.01.13 18:18:02.680,7.75692,7.76097,1.50,1.12
2015.01.13 18:18:02.781,7.75692,7.76104,1.37,1.12
2015.01.13 18:18:03.010,7.75692,7.76097,1.75,1.12
2015.01.13 18:18:03.120,7.75694,7.76117,1.75,1.12
2015.01.13 18:18:03.222,7.75694,7.76126,1.75,1.12
2015.01.13 18:18:03.323,7.75714,7.76126,1.00,1.12
2015.01.13 18:18:03.383,7.75714,7.76126,1.75,1.12
2015.01.13 18:18:03.485,7.75714,7.76126,1.75,1.12
2015.01.13 18:18:03.637,7.75732,7.76161,1.75,1.12
2015.01.13 18:18:03.688,7.75747,7.76166,1.75,1.12
2015.01.13 18:18:04.268,7.75754,7.76166,1.00,1.12
2015.01.13 18:18:04.319,7.75765,7.76166,1.00,1.12
2015.01.13 18:18:04.773,7.75765,7.76164,1.37,1.12
2015.01.13 18:18:05.283,7.75765,7.76164,1.00,1.12
2015.01.13 18:18:05.334,7.7576,7.76164,1.00,1.12
2015.01.13 18:18:05.385,7.7576,7.76168,1.00,1.12
2015.01.13 18:18:05.437,7.7576,7.762,1.07,1.12
2015.01.13 18:18:05.538,7.7576,7.76179,1.00,1.12
2015.01.13 18:18:05.749,7.75754,7.76179,1.00,1.12
2015.01.13 18:18:06.646,7.75754,7.76179,1.75,1.12
2015.01.13 18:18:06.748,7.75771,7.76179,1.75,1.12
2015.01.13 18:18:06.849,7.75786,7.76179,1.00,1.12
2015.01.13 18:18:07.363,7.75786,7.76196,1.07,1.12
2015.01.13 18:18:08.403,7.75768,7.76196,1.07,1.12
2015.01.13 18:18:08.608,7.75768,7.76182,1.00,1.12
2015.01.13 18:18:08.867,7.75768,7.76182,1.00,1.12
2015.01.13 18:18:09.772,7.75768,7.76182,1.37,1.12
2015.01.13 18:18:10.504,7.75766,7.76182,1.75,1.12
2015.01.13 18:18:10.706,7.75786,7.76201,1.20,1.12
2015.01.13 18:18:11.713,7.75786,7.76207,1.20,1.12
2015.01.13 18:18:11.979,7.75786,7.76201,1.20,1.12
2015.01.13 18:18:12.300,7.75786,7.76201,1.82,1.12
2015.01.13 18:18:13.392,7.75807,7.76239,2.07,1.12
2015.01.13 18:18:14.599,7.75807,7.76239,1.32,1.12
2015.01.13 18:18:14.802,7.75779,7.76188,1.19,1.12
2015.01.13 18:18:17.370,7.75763,7.76183,1.75,1.12
2015.01.13 18:18:18.020,7.75763,7.76197,1.75,1.12
2015.01.13 18:18:18.378,7.75781,7.76197,1.00,1.12
2015.01.13 18:18:18.598,7.75775,7.76197,1.00,1.12
2015.01.13 18:18:19.149,7.75775,7.76183,1.75,1.12
2015.01.13 18:18:19.475,7.7581,7.76209,1.00,1.12
2015.01.13 18:18:19.720,7.7581,7.76209,1.00,1.12
2015.01.13 18:18:20.908,7.75785,7.76209,1.00,1.12
2015.01.13 18:18:20.960,7.75785,7.76209,1.00,1.12
2015.01.13 18:18:21.953,7.75785,7.76209,1.00,1.12
2015.01.13 18:18:22.227,7.75793,7.76209,1.00,1.12
2015.01.13 18:18:22.562,7.75793,7.76209,1.75,1.12
2015.01.13 18:18:25.312,7.75792,7.76209,1.94,1.12
2015.01.13 18:18:25.914,7.75792,7.76209,1.75,1.12
2015.01.13 18:18:26.899,7.75787,7.76209,1.75,1.12
2015.01.13 18:18:27.220,7.75781,7.76211,1.01,1.12
2015.01.13 18:18:29.275,7.75782,7.76209,1.01,1.12
2015.01.13 18:18:30.124,7.75787,7.76209,1.00,1.12
2015.01.13 18:18:30.175,7.75778,7.76209,1.01,1.12
2015.01.13 18:18:30.226,7.75774,7.76209,1.26,1.12
2015.01.13 18:18:30.498,7.75776,7.76209,1.01,1.12
2015.01.13 18:18:31.781,7.75782,7.76214,1.01,1.12
2015.01.13 18:18:34.186,7.75782,7.76209,1.01,1.12
2015.01.13 18:18:35.409,7.75781,7.76218,1.82,1.37
2015.01.13 18:18:35.561,7.75792,7.76218,1.82,1.00
2015.01.13 18:18:35.612,7.75792,7.76218,1.82,1.75
2015.01.13 18:18:36.893,7.75792,7.76218,1.82,1.00
2015.01.13 18:18:37.229,7.75792,7.76218,1.82,1.00
2015.01.13 18:18:37.869,7.75792,7.76208,1.82,1.00
2015.01.13 18:18:38.234,7.75812,7.76208,1.75,1.82
2015.01.13 18:18:38.898,7.75812,7.76208,1.75,1.07
2015.01.13 18:18:39.199,7.75812,7.76208,1.75,1.07
2015.01.13 18:18:40.346,7.75812,7.76208,1.75,1.07
2015.01.13 18:18:40.643,7.75812,7.76208,1.75,1.82
2015.01.13 18:18:42.207,7.75812,7.76218,1.75,1.07
2015.01.13 18:18:42.920,7.75812,7.76217,1.75,1.82
2015.01.13 18:18:44.914,7.75812,7.76217,1.75,1.07
2015.01.13 18:18:45.232,7.75819,7.76228,1.37,1.82
2015.01.13 18:18:45.334,7.75826,7.76248,1.75,1.37
2015.01.13 18:18:45.386,7.75826,7.76248,1.75,1.07
2015.01.13 18:18:45.436,7.75826,7.76264,1.75,1.12
2015.01.13 18:18:45.740,7.75874,7.76277,1.00,1.75
2015.01.13 18:18:46.538,7.75874,7.76278,1.75,1.00
2015.01.13 18:18:48.169,7.75874,7.76278,1.75,1.75
2015.01.13 18:18:49.192,7.75874,7.76288,1.75,1.75
2015.01.13 18:18:49.294,7.75892,7.76287,1.75,1.00
2015.01.13 18:18:49.396,7.75892,7.76277,1.75,1.00
2015.01.13 18:18:49.447,7.75911,7.76277,1.00,1.00
2015.01.13 18:18:49.751,7.7583,7.76208,1.75,1.75
2015.01.13 18:18:49.802,7.7583,7.76208,1.50,1.75
2015.01.13 18:18:50.054,7.75824,7.76188,1.75,1.00
2015.01.13 18:18:50.599,7.75824,7.76187,1.00,1.00
2015.01.13 18:18:50.650,7.75821,7.76187,1.00,1.00
2015.01.13 18:18:50.701,7.75821,7.76168,1.00,1.00
2015.01.13 18:18:50.853,7.75806,7.76168,1.00,1.00
2015.01.13 18:18:51.359,7.75806,7.76167,1.00,1.00
2015.01.13 18:18:51.912,7.75806,7.76157,1.00,1.00
2015.01.13 18:18:51.962,7.75782,7.76157,1.07,1.00
2015.01.13 18:18:52.064,7.75782,7.76137,1.07,1.00
2015.01.13 18:18:52.208,7.75782,7.76137,1.00,1.00
2015.01.13 18:18:52.259,7.75768,7.76147,1.00,1.00
2015.01.13 18:18:52.360,7.75768,7.76138,1.00,1.00
2015.01.13 18:18:52.411,7.75762,7.76138,1.00,1.00
2015.01.13 18:18:52.568,7.75762,7.76118,1.00,1.00
2015.01.13 18:18:52.787,7.75762,7.76128,1.00,1.00
2015.01.13 18:18:53.999,7.75762,7.76138,1.00,1.00
2015.01.13 18:18:54.185,7.75755,7.76138,1.37,1.12
2015.01.13 18:18:54.327,7.75755,7.76117,1.37,1.00
2015.01.13 18:18:54.789,7.75755,7.76117,1.75,1.00
2015.01.13 18:18:55.650,7.75755,7.76128,1.75,1.00
2015.01.13 18:18:56.307,7.75755,7.76108,1.75,1.00
2015.01.13 18:18:56.699,7.75755,7.76108,1.37,1.00
2015.01.13 18:18:56.799,7.75755,7.76108,1.75,1.00
2015.01.13 18:18:58.201,7.75755,7.76108,1.75,1.00
2015.01.13 18:18:59.303,7.75755,7.76118,1.75,1.00
2015.01.13 18:18:59.404,7.75755,7.76118,1.37,1.00
2015.01.13 18:18:59.829,7.75755,7.76127,1.37,1.00
2015.01.13 18:19:00.048,7.75755,7.76118,1.37,1.00
2015.01.13 18:19:00.494,7.75755,7.76128,1.37,1.00
2015.01.13 18:19:00.545,7.75755,7.76128,1.75,1.00
2015.01.13 18:19:00.852,7.75755,7.76118,1.75,1.00
2015.01.13 18:19:01.017,7.75749,7.76118,1.85,1.00
2015.01.13 18:19:01.397,7.75749,7.76107,1.85,1.00
2015.01.13 18:19:01.520,7.75749,7.76107,1.47,1.00
2015.01.13 18:19:02.930,7.75749,7.76118,1.66,1.00
2015.01.13 18:19:03.237,7.75749,7.76108,1.66,1.00
2015.01.13 18:19:03.567,7.75745,7.76098,1.26,1.00
2015.01.13 18:19:03.871,7.7571,7.76038,1.00,1.00
2015.01.13 18:19:04.074,7.75662,7.75998,1.25,1.00
2015.01.13 18:19:04.175,7.75643,7.75998,1.00,1.00
2015.01.13 18:19:04.510,7.7563,7.75998,1.07,1.00
2015.01.13 18:19:05.789,7.7563,7.75998,1.26,1.00
2015.01.13 18:19:06.649,7.75641,7.75997,1.29,1.00
2015.01.13 18:19:07.158,7.75637,7.75998,1.26,1.00
2015.01.13 18:19:07.638,7.75637,7.75987,1.26,1.00
2015.01.13 18:19:07.968,7.7563,7.75997,1.26,1.00
2015.01.13 18:19:08.577,7.75631,7.75997,1.26,1.00
2015.01.13 18:19:09.097,7.7569,7.76098,1.00,1.82
2015.01.13 18:19:09.148,7.7569,7.76098,1.00,1.82
2015.01.13 18:19:09.350,7.75688,7.76098,1.00,1.75
2015.01.13 18:19:09.552,7.75688,7.76098,1.00,1.75
2015.01.13 18:19:10.592,7.75688,7.76098,1.00,1.82
2015.01.13 18:19:10.693,7.75688,7.76098,1.00,1.82
2015.01.13 18:19:11.134,7.75688,7.76098,1.00,1.82
2015.01.13 18:19:11.666,7.75688,7.76098,1.00,1.82
2015.01.13 18:19:12.157,7.75688,7.76098,1.00,1.82
2015.01.13 18:19:12.278,7.75694,7.76098,1.00,1.82
2015.01.13 18:19:12.759,7.75694,7.76098,1.00,1.82
2015.01.13 18:19:12.861,7.75694,7.76098,1.00,1.82
2015.01.13 18:19:12.962,7.75712,7.76119,1.00,1.12
2015.01.13 18:19:13.313,7.75734,7.76162,1.00,1.12
2015.01.13 18:19:15.364,7.75734,7.76162,1.00,1.12
2015.01.13 18:19:15.466,7.75734,7.76162,1.00,1.12
2015.01.13 18:19:17.687,7.75734,7.76162,1.00,1.12
2015.01.13 18:19:18.021,7.75725,7.76156,1.00,1.01
2015.01.13 18:19:18.072,7.75725,7.76156,1.00,1.01
2015.01.13 18:19:18.328,7.75732,7.76156,1.00,1.01
2015.01.13 18:19:18.901,7.75732,7.76156,1.00,1.01
2015.01.13 18:19:19.003,7.75725,7.76156,1.00,1.01
2015.01.13 18:19:19.172,7.75725,7.76156,1.00,1.01
2015.01.13 18:19:19.223,7.75742,7.76156,1.00,1.01
2015.01.13 18:19:21.089,7.75742,7.7617,1.00,2.05
2015.01.13 18:19:21.781,7.75748,7.7617,1.00,2.05
2015.01.13 18:19:25.284,7.75748,7.76177,1.00,1.82
2015.01.13 18:19:29.094,7.75748,7.76177,1.00,1.82
2015.01.13 18:19:37.510,7.75748,7.7619,1.75,1.01
2015.01.13 18:19:37.834,7.75748,7.76193,1.00,1.82
2015.01.13 18:19:37.935,7.75755,7.76193,1.00,1.82
2015.01.13 18:19:38.036,7.7578,7.76199,1.00,1.12
2015.01.13 18:19:38.385,7.75799,7.76211,1.00,2.12
2015.01.13 18:19:38.704,7.75799,7.76211,1.75,2.12
2015.01.13 18:19:39.116,7.75799,7.76211,1.00,2.12
2015.01.13 18:19:43.456,7.75805,7.76211,1.00,2.12
2015.01.13 18:19:43.557,7.75765,7.76211,1.00,2.12
2015.01.13 18:19:43.659,7.75763,7.76211,1.00,2.12
2015.01.13 18:19:44.174,7.75763,7.76211,1.00,2.12
2015.01.13 18:19:45.499,7.75769,7.76223,1.00,1.12
2015.01.13 18:19:45.844,7.75759,7.76167,1.00,1.75
2015.01.13 18:19:46.659,7.75759,7.76167,1.00,1.75
2015.01.13 18:19:48.155,7.75759,7.76167,1.37,1.75
2015.01.13 18:19:48.257,7.75767,7.76167,1.00,1.75
2015.01.13 18:19:49.126,7.75767,7.76178,1.00,1.75
2015.01.13 18:19:49.177,7.75768,7.76178,1.75,1.75
2015.01.13 18:19:49.237,7.75768,7.76178,1.00,1.75
2015.01.13 18:19:51.555,7.75768,7.76197,1.00,1.75
2015.01.13 18:19:52.113,7.75774,7.76197,1.00,1.75
2015.01.13 18:19:52.645,7.75774,7.76197,1.75,1.75
2015.01.13 18:19:52.746,7.75774,7.76198,1.75,1.75
2015.01.13 18:19:52.848,7.75785,7.76219,1.75,1.75
2015.01.13 18:19:52.949,7.75812,7.76248,1.50,1.00
2015.01.13 18:19:53.000,7.75838,7.76248,1.00,1.00
2015.01.13 18:19:53.098,7.75838,7.76258,1.00,1.50
2015.01.13 18:19:53.149,7.75838,7.76258,1.75,1.00
2015.01.13 18:19:53.250,7.75838,7.76258,1.00,1.00
2015.01.13 18:19:53.306,7.75847,7.76258,1.00,1.00
2015.01.13 18:19:53.801,7.75847,7.76248,1.00,1.00
2015.01.13 18:19:54.197,7.75847,7.76258,1.00,1.00
2015.01.13 18:19:54.298,7.75839,7.76258,1.00,1.00
2015.01.13 18:19:54.349,7.75839,7.76248,1.00,1.00
2015.01.13 18:19:54.637,7.75839,7.76258,1.00,1.00
2015.01.13 18:19:54.736,7.75847,7.76258,1.00,1.00
2015.01.13 18:19:54.989,7.7584,7.76258,1.00,1.00
2015.01.13 18:19:55.090,7.7584,7.76247,1.00,1.00
2015.01.13 18:19:55.520,7.75832,7.76247,1.19,1.00
2015.01.13 18:19:55.627,7.75832,7.76238,1.19,1.00
2015.01.13 18:19:56.155,7.75832,7.76238,1.94,1.00
2015.01.13 18:19:56.506,7.75832,7.76238,1.00,1.75
2015.01.13 18:19:57.046,7.75827,7.76238,1.00,1.75
2015.01.13 18:19:57.198,7.75845,7.76258,1.37,1.75
2015.01.13 18:19:57.299,7.75833,7.76258,1.00,1.75
2015.01.13 18:19:57.459,7.75833,7.76258,1.00,1.75
2015.01.13 18:19:58.189,7.7584,7.76268,1.00,1.75
2015.01.13 18:19:58.543,7.7584,7.76268,1.75,1.75
2015.01.13 18:19:58.594,7.7584,7.76268,1.00,1.75
2015.01.13 18:19:59.663,7.7584,7.76268,1.75,1.75
2015.01.13 18:20:00.188,7.7584,7.76258,1.00,1.75
2015.01.13 18:20:00.881,7.7584,7.76258,1.19,1.75
2015.01.13 18:20:01.470,7.7584,7.76258,1.94,1.75
2015.01.13 18:20:01.889,7.75847,7.76258,1.75,1.75
2015.01.13 18:20:02.092,7.75853,7.76268,1.37,1.75
2015.01.13 18:20:02.388,7.75853,7.76278,1.00,1.75
2015.01.13 18:20:03.717,7.75853,7.76278,1.94,1.75
2015.01.13 18:20:04.327,7.75853,7.76278,1.19,1.75
2015.01.13 18:20:05.497,7.75855,7.76278,1.00,1.75
2015.01.13 18:20:05.649,7.75842,7.7628,1.63,1.75
2015.01.13 18:20:05.797,7.75842,7.7628,2.00,1.75
2015.01.13 18:20:06.178,7.7586,7.7628,1.01,1.75
2015.01.13 18:20:06.508,7.75834,7.7628,1.12,1.75
2015.01.13 18:20:06.609,7.75831,7.76268,1.37,1.00
2015.01.13 18:20:06.793,7.75831,7.76268,1.37,1.75
2015.01.13 18:20:06.895,7.75831,7.76248,1.00,1.00
2015.01.13 18:20:07.098,7.75831,7.76247,1.00,1.75
2015.01.13 18:20:07.149,7.75791,7.76247,1.01,1.75
2015.01.13 18:20:07.200,7.75772,7.76197,1.44,1.75
2015.01.13 18:20:07.252,7.75762,7.76197,1.37,1.75
2015.01.13 18:20:07.304,7.75723,7.76188,1.94,1.75
2015.01.13 18:20:07.456,7.75653,7.76061,1.37,1.30
2015.01.13 18:20:07.558,7.75653,7.76061,1.00,1.30
2015.01.13 18:20:07.659,7.75653,7.7608,1.00,1.30
2015.01.13 18:20:07.710,7.75653,7.76119,1.00,1.07
2015.01.13 18:20:07.964,7.75663,7.76145,1.37,1.37
2015.01.13 18:20:09.917,7.75706,7.76145,1.00,1.42
2015.01.13 18:20:10.250,7.75689,7.76145,1.37,1.67
2015.01.13 18:20:10.810,7.75693,7.76134,1.00,1.12
2015.01.13 18:20:10.911,7.75684,7.76134,1.75,1.12
2015.01.13 18:20:11.127,7.75699,7.76134,1.00,1.12
2015.01.13 18:20:12.011,7.75693,7.76145,1.00,1.67
2015.01.13 18:20:13.106,7.75691,7.76145,1.00,1.67
2015.01.13 18:20:15.115,7.75688,7.76137,1.00,1.12
2015.01.13 18:20:17.629,7.75693,7.76137,1.00,1.12
2015.01.13 18:20:18.213,7.75693,7.76064,1.00,1.00
2015.01.13 18:20:18.496,7.75676,7.76064,1.75,1.00
2015.01.13 18:20:19.480,7.75682,7.7605,1.37,1.00
2015.01.13 18:20:19.818,7.75692,7.7605,1.75,1.00
2015.01.13 18:20:20.141,7.75709,7.76062,1.19,1.00
2015.01.13 18:20:20.394,7.75642,7.76041,1.94,1.00
2015.01.13 18:20:20.746,7.75642,7.76041,1.94,1.00
2015.01.13 18:20:21.768,7.75642,7.76041,1.94,1.00
2015.01.13 18:20:21.819,7.75642,7.76066,1.94,1.37
2015.01.13 18:20:22.128,7.75642,7.76066,1.94,1.37
2015.01.13 18:20:22.756,7.75642,7.76066,1.94,1.37
2015.01.13 18:20:22.908,7.75622,7.76055,1.94,1.56
2015.01.13 18:20:23.217,7.75622,7.76038,1.94,2.11
2015.01.13 18:20:23.897,7.75632,7.76038,1.94,2.11
2015.01.13 18:20:25.068,7.75623,7.76028,1.94,2.11
2015.01.13 18:20:25.169,7.75623,7.75958,1.94,1.07
2015.01.13 18:20:25.220,7.75583,7.75958,2.57,1.82
2015.01.13 18:20:25.271,7.75583,7.75941,2.57,1.31
2015.01.13 18:20:25.575,7.75582,7.75922,1.36,1.12
2015.01.13 18:20:25.767,7.75582,7.75922,1.36,1.31
2015.01.13 18:20:27.773,7.75592,7.75922,1.07,1.31
2015.01.13 18:20:28.347,7.75602,7.75922,1.18,1.31
2015.01.13 18:20:28.570,7.75592,7.75922,1.07,1.31
2015.01.13 18:20:29.179,7.75593,7.75922,1.00,1.31
2015.01.13 18:20:29.456,7.75602,7.75922,1.18,1.31
2015.01.13 18:20:30.313,7.75632,7.75955,1.18,1.31
2015.01.13 18:20:30.515,7.75632,7.75955,1.18,1.31
2015.01.13 18:20:31.383,7.75632,7.75955,1.36,1.31
2015.01.13 18:20:32.632,7.75527,7.75875,1.56,1.01
2015.01.13 18:20:32.733,7.75482,7.75868,1.18,1.12
2015.01.13 18:20:32.835,7.75482,7.75824,1.55,1.12
2015.01.13 18:20:32.936,7.75482,7.75824,1.18,1.12
2015.01.13 18:20:33.239,7.75482,7.75824,1.36,1.31
2015.01.13 18:20:33.543,7.75522,7.75841,1.00,1.12
2015.01.13 18:20:35.448,7.75502,7.75841,1.00,1.31
2015.01.13 18:20:35.669,7.75522,7.75841,1.00,1.31
2015.01.13 18:20:39.329,7.75523,7.75841,1.18,1.12
2015.01.13 18:20:40.009,7.75522,7.75841,1.63,1.12
2015.01.13 18:20:40.313,7.75532,7.75841,1.00,1.31
2015.01.13 18:20:43.816,7.75542,7.75841,1.00,1.12
2015.01.13 18:20:44.277,7.75512,7.75791,1.00,1.05
2015.01.13 18:20:44.387,7.75503,7.75791,1.18,1.05
2015.01.13 18:20:44.488,7.75503,7.75779,1.18,1.35
2015.01.13 18:20:44.552,7.75472,7.75779,1.00,1.35
2015.01.13 18:20:44.714,7.75452,7.75777,1.82,1.35
2015.01.13 18:20:45.453,7.75452,7.75777,1.00,1.35
2015.01.13 18:20:45.504,7.75462,7.75777,1.00,1.35
2015.01.13 18:20:45.677,7.75452,7.75777,1.00,1.35
2015.01.13 18:20:47.576,7.75462,7.75779,1.00,1.75
2015.01.13 18:20:49.464,7.75432,7.75771,1.18,1.12
2015.01.13 18:20:49.515,7.75403,7.75747,1.00,1.12
2015.01.13 18:20:49.646,7.75402,7.75747,1.63,1.12
2015.01.13 18:20:50.046,7.75412,7.75747,1.63,1.12
2015.01.13 18:20:51.906,7.75392,7.75731,1.19,1.12
2015.01.13 18:20:52.007,7.75393,7.75726,1.36,1.12
2015.01.13 18:20:52.858,7.75393,7.75726,1.18,1.12
2015.01.13 18:20:53.397,7.75392,7.75726,1.63,1.12
2015.01.13 18:20:53.551,7.75383,7.75715,1.00,1.75
2015.01.13 18:20:54.074,7.75382,7.75715,1.63,1.75
2015.01.13 18:20:54.287,7.75402,7.75726,1.00,1.12
2015.01.13 18:20:54.718,7.75412,7.75726,1.18,1.12
2015.01.13 18:20:55.069,7.75433,7.75742,1.00,1.75
2015.01.13 18:20:55.271,7.75433,7.75745,1.00,1.37
2015.01.13 18:20:55.322,7.75442,7.75745,1.00,1.37
2015.01.13 18:20:55.653,7.75433,7.75745,1.18,1.37
2015.01.13 18:20:55.704,7.75422,7.75745,1.00,1.37
2015.01.13 18:20:56.046,7.75452,7.75745,1.00,1.37
2015.01.13 18:20:56.350,7.75463,7.75774,1.18,1.12
2015.01.13 18:20:56.401,7.75463,7.75774,1.18,1.37
2015.01.13 18:20:56.502,7.75472,7.75774,1.00,1.37
2015.01.13 18:20:57.027,7.75473,7.75779,1.18,1.35
2015.01.13 18:20:57.360,7.75502,7.75809,1.00,1.12
2015.01.13 18:20:57.481,7.75492,7.75809,1.63,1.12
2015.01.13 18:20:58.356,7.75482,7.75809,1.00,1.12
2015.01.13 18:20:58.508,7.75462,7.75798,1.63,1.12
2015.01.13 18:20:58.710,7.75462,7.7577,1.00,1.12
2015.01.13 18:21:00.227,7.75472,7.7577,1.00,1.12
2015.01.13 18:21:04.222,7.75483,7.75824,1.18,1.12
2015.01.13 18:21:04.425,7.75512,7.75874,1.37,1.54
2015.01.13 18:21:05.177,7.75522,7.75874,1.00,1.54
2015.01.13 18:21:05.416,7.75512,7.75874,1.37,1.54
2015.01.13 18:21:06.421,7.75532,7.75852,1.00,1.94
2015.01.13 18:21:06.978,7.75522,7.75854,1.00,1.75
2015.01.13 18:21:07.080,7.75512,7.75854,1.00,1.75
2015.01.13 18:21:07.307,7.75503,7.75854,1.00,1.75
2015.01.13 18:21:08.955,7.75522,7.75854,1.00,1.75
2015.01.13 18:21:09.906,7.75532,7.75854,1.00,1.94
2015.01.13 18:21:12.767,7.75533,7.75874,1.00,1.54
2015.01.13 18:21:14.417,7.75532,7.75874,1.00,1.54
2015.01.13 18:21:14.982,7.75532,7.75874,1.75,1.54
2015.01.13 18:21:15.280,7.75532,7.75874,1.75,1.54
2015.01.13 18:21:16.880,7.75542,7.75874,1.00,1.54
2015.01.13 18:21:17.497,7.75533,7.75874,1.50,1.54
2015.01.13 18:21:18.588,7.75533,7.75874,1.75,1.54
2015.01.13 18:21:19.035,7.75532,7.75874,2.38,1.54
2015.01.13 18:21:19.456,7.75542,7.75874,1.00,1.54
2015.01.13 18:21:20.068,7.75542,7.75874,1.75,1.80
2015.01.13 18:21:20.383,7.75552,7.75874,1.00,1.80
2015.01.13 18:21:20.488,7.75542,7.75874,2.38,1.80
2015.01.13 18:21:20.696,7.75532,7.75874,1.00,1.80
2015.01.13 18:21:22.148,7.75542,7.75874,1.00,1.35
2015.01.13 18:21:22.336,7.75532,7.75874,1.00,1.35
2015.01.13 18:21:22.581,7.75522,7.75874,1.00,1.35
2015.01.13 18:21:22.683,7.75512,7.75874,1.37,1.35
2015.01.13 18:21:22.734,7.75512,7.75861,1.00,1.12
2015.01.13 18:21:22.865,7.75512,7.75861,1.00,1.12
2015.01.13 18:21:23.441,7.75492,7.75861,1.75,1.12
2015.01.13 18:21:23.748,7.75492,7.7586,1.75,1.75
2015.01.13 18:21:24.256,7.75512,7.7586,1.00,1.94
2015.01.13 18:21:24.561,7.75532,7.75874,1.00,1.54
2015.01.13 18:21:25.313,7.75542,7.75874,1.00,1.54
2015.01.13 18:21:27.286,7.75522,7.75871,2.01,1.12
2015.01.13 18:21:27.390,7.75522,7.75874,1.00,1.35
2015.01.13 18:21:27.760,7.75512,7.75852,1.00,1.12
2015.01.13 18:21:29.306,7.75532,7.7586,1.00,1.31
2015.01.13 18:21:30.267,7.75512,7.75864,1.75,1.31
2015.01.13 18:21:30.318,7.75512,7.75846,1.00,1.12
2015.01.13 18:21:30.565,7.75512,7.75846,1.00,1.12
2015.01.13 18:21:31.038,7.75492,7.75825,1.18,1.12
2015.01.13 18:21:31.139,7.75483,7.75825,1.00,1.12
2015.01.13 18:21:31.291,7.75472,7.75825,2.01,1.31
2015.01.13 18:21:31.342,7.75482,7.75825,1.18,1.31
2015.01.13 18:21:31.647,7.75493,7.75842,1.00,1.31
2015.01.13 18:21:32.026,7.75513,7.75842,1.00,1.31
2015.01.13 18:21:32.135,7.75513,7.75842,1.00,1.31
2015.01.13 18:21:32.726,7.75502,7.75842,1.00,1.31
2015.01.13 18:21:33.372,7.75512,7.75842,1.00,1.31
2015.01.13 18:21:35.436,7.75532,7.75871,1.00,1.31
2015.01.13 18:21:35.538,7.75543,7.75871,1.18,1.31
2015.01.13 18:21:36.296,7.75542,7.75871,1.00,1.31
2015.01.13 18:21:37.567,7.75532,7.75861,1.63,1.31
2015.01.13 18:21:38.626,7.75522,7.75837,1.00,1.12
2015.01.13 18:21:41.386,7.75512,7.75821,1.00,1.12
2015.01.13 18:21:42.721,7.75493,7.7581,1.00,1.12
2015.01.13 18:21:42.885,7.75493,7.75805,1.00,1.12
2015.01.13 18:21:43.214,7.75502,7.75805,1.00,1.12
2015.01.13 18:21:43.941,7.75512,7.75822,1.00,1.12
2015.01.13 18:21:44.572,7.75512,7.75822,1.00,1.12
2015.01.13 18:21:44.674,7.75532,7.75842,1.00,1.12
2015.01.13 18:21:44.825,7.75522,7.75842,1.00,1.12
2015.01.13 18:21:44.876,7.75522,7.75826,1.00,1.12
2015.01.13 18:21:45.655,7.75502,7.75826,1.63,1.12
2015.01.13 18:21:45.867,7.75502,7.75807,1.00,1.12
2015.01.13 18:21:46.171,7.75503,7.75807,1.18,1.12
2015.01.13 18:21:46.512,7.75513,7.75824,1.00,1.12
2015.01.13 18:21:46.563,7.75502,7.75824,1.00,1.12
2015.01.13 18:21:46.955,7.75502,7.75824,1.00,1.12
2015.01.13 18:21:47.481,7.75503,7.75824,1.18,1.12
2015.01.13 18:21:47.846,7.75512,7.75844,1.18,1.12
2015.01.13 18:21:48.149,7.75522,7.75827,1.00,1.12
2015.01.13 18:21:49.553,7.75512,7.75827,1.00,1.12
2015.01.13 18:21:50.327,7.75492,7.75827,1.63,1.12
2015.01.13 18:21:50.935,7.75482,7.75827,1.37,1.12
2015.01.13 18:21:51.036,7.75482,7.7581,1.00,1.12
2015.01.13 18:21:51.196,7.75472,7.7581,1.00,1.12
2015.01.13 18:21:51.247,7.75472,7.75793,1.00,1.12
2015.01.13 18:21:51.706,7.75462,7.75793,1.63,1.12
2015.01.13 18:21:52.112,7.75452,7.75793,1.63,1.12
2015.01.13 18:21:52.163,7.75452,7.75793,1.63,1.12
2015.01.13 18:21:53.268,7.75442,7.75758,1.00,1.12
2015.01.13 18:21:53.369,7.75422,7.75758,1.63,1.12
2015.01.13 18:21:53.699,7.75432,7.75758,1.00,1.12
2015.01.13 18:21:54.057,7.75462,7.75777,1.00,1.12
2015.01.13 18:21:54.108,7.75462,7.75777,1.00,1.12
2015.01.13 18:21:54.676,7.75472,7.75777,1.00,1.12
2015.01.13 18:21:54.828,7.75452,7.75761,1.00,1.12
2015.01.13 18:21:56.788,7.75462,7.75761,1.00,1.12
2015.01.13 18:21:57.316,7.75472,7.75761,1.00,1.12
2015.01.13 18:21:58.306,7.75462,7.75761,1.00,1.12
2015.01.13 18:21:59.228,7.75443,7.75761,1.00,1.12
2015.01.13 18:21:59.329,7.75402,7.75749,1.63,1.12
2015.01.13 18:21:59.532,7.75402,7.75725,1.00,1.12
2015.01.13 18:21:59.858,7.75413,7.75725,1.00,1.12
2015.01.13 18:22:00.395,7.75412,7.75725,1.00,1.12
2015.01.13 18:22:03.270,7.75403,7.75721,1.18,1.12
2015.01.13 18:22:04.291,7.75402,7.75721,1.00,1.12
2015.01.13 18:22:08.241,7.75403,7.75721,1.18,1.12
2015.01.13 18:22:08.506,7.75412,7.75721,1.00,1.12
2015.01.13 18:22:08.798,7.75382,7.75689,1.82,1.12
2015.01.13 18:22:08.849,7.75382,7.75684,1.82,1.12
2015.01.13 18:22:09.216,7.75362,7.75684,1.63,1.12
2015.01.13 18:22:10.095,7.75363,7.75684,1.18,1.12
2015.01.13 18:22:10.247,7.75342,7.75672,1.63,1.12
2015.01.13 18:22:10.298,7.75352,7.75672,1.00,1.12
2015.01.13 18:22:10.616,7.75342,7.75667,1.63,1.12
2015.01.13 18:22:11.144,7.75353,7.75667,1.00,1.12
2015.01.13 18:22:11.716,7.75332,7.75652,1.63,1.12
2015.01.13 18:22:11.864,7.75332,7.75648,1.00,1.12
2015.01.13 18:22:12.276,7.75342,7.75648,1.00,1.12
2015.01.13 18:22:12.701,7.75352,7.75667,1.00,1.12
2015.01.13 18:22:12.953,7.75352,7.75667,1.63,1.12
2015.01.13 18:22:14.157,7.75343,7.75652,1.00,1.12
2015.01.13 18:22:14.459,7.75332,7.75652,1.00,1.12
2015.01.13 18:22:14.674,7.75332,7.75647,1.00,1.12
2015.01.13 18:22:15.464,7.75333,7.75623,1.00,1.12
2015.01.13 18:22:15.566,7.75323,7.75623,1.00,1.12
2015.01.13 18:22:15.667,7.75312,7.75623,1.63,1.12
2015.01.13 18:22:15.931,7.75312,7.75618,1.00,1.12
2015.01.13 18:22:18.880,7.75302,7.75618,1.00,1.12
2015.01.13 18:22:19.038,7.75313,7.75618,1.00,1.12
2015.01.13 18:22:19.191,7.75302,7.75618,1.63,1.12
2015.01.13 18:22:22.366,7.75292,7.75618,1.63,1.12
2015.01.13 18:22:23.962,7.75292,7.7557,1.00,1.12
2015.01.13 18:22:24.119,7.75262,7.75584,1.63,1.12
2015.01.13 18:22:24.287,7.75262,7.75579,1.63,1.12
2015.01.13 18:22:24.794,7.75253,7.75563,1.00,1.12
2015.01.13 18:22:25.047,7.75253,7.75543,1.00,1.12
2015.01.13 18:22:26.138,7.75263,7.75543,1.00,1.12
2015.01.13 18:22:26.436,7.75252,7.75543,1.00,1.12
2015.01.13 18:22:27.680,7.75242,7.75543,1.00,1.12
2015.01.13 18:22:28.248,7.75222,7.75543,1.63,1.12
2015.01.13 18:22:28.350,7.75212,7.75543,1.63,1.12
2015.01.13 18:22:28.452,7.75222,7.75522,1.00,1.12
2015.01.13 18:22:28.756,7.75372,7.75645,1.00,1.12
2015.01.13 18:22:28.908,7.75362,7.75678,1.00,1.12
2015.01.13 18:22:29.009,7.75383,7.75678,1.00,1.12
2015.01.13 18:22:29.845,7.75382,7.75678,1.00,1.12
2015.01.13 18:22:29.996,7.75362,7.75678,1.00,1.12
2015.01.13 18:22:30.326,7.75352,7.75678,1.00,1.12
2015.01.13 18:22:30.428,7.75343,7.7566,1.00,1.12
2015.01.13 18:22:30.529,7.75312,7.7564,1.63,1.35
2015.01.13 18:22:30.630,7.75312,7.75639,1.63,1.35
2015.01.13 18:22:30.984,7.75322,7.75639,1.00,1.35
2015.01.13 18:22:31.385,7.75332,7.75639,1.00,1.35
2015.01.13 18:22:31.935,7.75322,7.75639,1.00,1.35
2015.01.13 18:22:32.265,7.75332,7.75639,1.00,1.35
2015.01.13 18:22:32.635,7.75312,7.75625,1.18,1.12
2015.01.13 18:22:32.686,7.75302,7.75625,1.00,1.12
2015.01.13 18:22:33.695,7.75293,7.75599,1.18,1.12
2015.01.13 18:22:34.164,7.75283,7.75586,1.00,1.12
2015.01.13 18:22:34.265,7.75262,7.75584,1.00,1.12
2015.01.13 18:22:34.468,7.75232,7.75568,1.63,1.12
2015.01.13 18:22:34.584,7.75232,7.75568,1.63,1.12
2015.01.13 18:22:35.456,7.75252,7.75568,1.00,1.12
2015.01.13 18:22:36.665,7.75262,7.75582,1.00,1.12
2015.01.13 18:22:36.716,7.75262,7.75582,1.00,1.12
2015.01.13 18:22:36.919,7.75232,7.75566,1.00,1.12
2015.01.13 18:22:37.435,7.75222,7.75566,1.56,1.12
2015.01.13 18:22:37.594,7.75222,7.75566,1.56,1.12
2015.01.13 18:22:38.036,7.75222,7.75566,1.56,1.12
2015.01.13 18:22:38.536,7.75232,7.75538,1.00,1.12
2015.01.13 18:22:39.237,7.75252,7.75569,1.00,1.12
2015.01.13 18:22:39.344,7.75252,7.75569,1.00,1.12
2015.01.13 18:22:39.415,7.75242,7.75569,1.00,1.12
2015.01.13 18:22:39.756,7.75233,7.75569,1.00,1.12
2015.01.13 18:22:41.285,7.75242,7.75569,1.00,1.12
2015.01.13 18:22:41.645,7.75262,7.75569,1.00,1.12
2015.01.13 18:22:41.954,7.75262,7.75588,1.00,1.12
2015.01.13 18:22:42.529,7.75282,7.75588,1.00,1.12
2015.01.13 18:22:42.717,7.75272,7.75588,1.00,1.12
2015.01.13 18:22:43.357,7.75262,7.75588,1.00,1.12
2015.01.13 18:22:44.814,7.75242,7.75575,1.19,1.12
2015.01.13 18:22:44.865,7.75242,7.75575,1.00,1.12
2015.01.13 18:22:45.067,7.75242,7.75571,1.00,1.12
2015.01.13 18:22:46.039,7.75222,7.75555,1.19,1.12
2015.01.13 18:22:46.140,7.75222,7.75555,1.19,1.12
2015.01.13 18:22:46.495,7.75232,7.75537,1.00,1.12
2015.01.13 18:22:46.825,7.75222,7.75537,1.19,1.12
2015.01.13 18:22:47.336,7.75232,7.75555,1.00,1.12
2015.01.13 18:22:47.388,7.75232,7.75555,1.00,1.12
2015.01.13 18:22:48.233,7.75232,7.75555,1.19,1.12
2015.01.13 18:22:48.570,7.75222,7.75556,1.63,1.12
2015.01.13 18:22:48.767,7.75252,7.75556,1.00,1.12
2015.01.13 18:22:49.297,7.75253,7.75579,1.00,1.31
2015.01.13 18:22:50.010,7.75262,7.75579,1.00,1.31
2015.01.13 18:22:50.195,7.75242,7.75579,1.19,1.31
2015.01.13 18:22:50.414,7.75253,7.75579,1.00,1.31
2015.01.13 18:22:50.853,7.75262,7.75579,1.00,1.31
2015.01.13 18:22:51.318,7.75243,7.75567,1.18,1.75
2015.01.13 18:22:51.369,7.75243,7.75567,1.36,1.94
2015.01.13 18:22:53.449,7.75222,7.75548,2.11,1.94
2015.01.13 18:22:54.404,7.75212,7.75537,1.36,1.94
2015.01.13 18:22:54.954,7.75222,7.75537,1.36,1.94
2015.01.13 18:22:55.166,7.75176,7.75488,1.19,1.37
2015.01.13 18:22:55.268,7.75176,7.75488,1.19,1.75
2015.01.13 18:22:56.082,7.75162,7.75478,1.37,1.75
2015.01.13 18:22:58.212,7.75164,7.75488,1.94,2.00
2015.01.13 18:23:00.434,7.75172,7.75488,1.37,2.00
2015.01.13 18:23:00.485,7.75172,7.75488,1.07,2.00
2015.01.13 18:23:01.736,7.75175,7.75487,1.00,1.75
2015.01.13 18:23:02.410,7.75176,7.75488,1.00,2.00
2015.01.13 18:23:03.499,7.75176,7.75488,1.19,2.00
2015.01.13 18:23:06.089,7.75175,7.75488,1.19,1.94
2015.01.13 18:23:07.995,7.75165,7.75488,1.50,1.75
2015.01.13 18:23:08.248,7.75172,7.75498,1.18,1.75
2015.01.13 18:23:08.770,7.75173,7.75498,1.18,1.75
2015.01.13 18:23:09.085,7.75183,7.75497,1.18,1.75
2015.01.13 18:23:09.238,7.75173,7.75497,1.18,1.75
2015.01.13 18:23:09.496,7.75173,7.75497,1.93,1.75
2015.01.13 18:23:09.803,7.75173,7.75494,1.18,1.12
2015.01.13 18:23:09.956,7.75143,7.75468,2.00,1.50
2015.01.13 18:23:11.826,7.75162,7.75494,1.18,1.31
2015.01.13 18:23:13.265,7.75152,7.75488,2.12,1.75
