2009.03.16 02:00:12.843,6.8278,6.8412,1.00,2.00
2009.03.16 02:00:43.156,6.8276,6.841,1.00,2.00
2009.03.16 02:00:45.185,6.8278,6.8412,1.00,2.00
2009.03.16 02:00:47.105,6.8276,6.841,1.00,2.00
2009.03.16 02:00:48.365,6.8273,6.8407,1.00,2.00
2009.03.16 02:00:50.654,6.8265,6.8399,1.00,2.00
2009.03.16 02:00:50.884,6.8262,6.8398,1.00,2.00
2009.03.16 02:00:51.054,6.8265,6.8399,1.00,2.00
2009.03.16 02:00:51.284,6.8268,6.8403,1.00,2.00
2009.03.16 02:00:51.734,6.8266,6.8401,1.00,2.00
2009.03.16 02:00:53.063,6.8265,6.8398,1.00,2.00
2009.03.16 02:00:53.283,6.8267,6.8401,1.00,2.00
2009.03.16 02:00:53.403,6.827,6.8404,1.00,2.00
2009.03.16 02:01:07.840,6.8267,6.8401,1.00,2.00
2009.03.16 02:01:08.919,6.8265,6.8398,1.00,2.00
2009.03.16 02:01:11.789,6.8267,6.8401,1.00,2.00
2009.03.16 02:01:24.326,6.827,6.8404,1.00,2.00
2009.03.16 02:01:34.873,6.8273,6.8406,1.00,2.00
2009.03.16 02:01:36.553,6.8275,6.8409,1.00,2.00
2009.03.16 02:01:46.420,6.8274,6.8408,1.00,2.00
2009.03.16 02:02:05.196,6.8271,6.8405,1.00,2.00
2009.03.16 02:02:12.794,6.8269,6.8403,1.00,2.00
2009.03.16 02:02:24.571,6.827,6.8406,1.00,2.00
2009.03.16 02:02:25.781,6.8269,6.8403,1.00,2.00
2009.03.16 02:02:35.668,6.827,6.8406,1.00,2.00
2009.03.16 02:02:37.788,6.8269,6.8403,1.00,2.00
2009.03.16 02:02:41.907,6.827,6.8406,1.00,2.00
2009.03.16 02:02:43.786,6.8271,6.8406,1.00,2.00
2009.03.16 02:02:53.714,6.8269,6.8403,1.00,2.00
2009.03.16 02:03:07.261,6.827,6.8404,1.00,2.00
2009.03.16 02:03:34.984,6.8276,6.841,1.00,2.00
2009.03.16 02:03:36.364,6.8273,6.8407,1.00,2.00
2009.03.16 02:03:45.571,6.8278,6.8412,1.00,2.00
2009.03.16 02:03:59.138,6.8279,6.8412,1.00,2.00
2009.03.16 02:04:07.016,6.8277,6.8409,1.00,2.00
2009.03.16 02:04:14.544,6.8274,6.8406,1.00,2.00
2009.03.16 02:04:15.024,6.8277,6.8409,1.00,2.00
2009.03.16 02:04:15.324,6.8274,6.8406,1.00,2.00
2009.03.16 02:04:22.922,6.8277,6.8409,1.00,2.00
2009.03.16 02:04:27.421,6.8279,6.8411,1.00,2.00
2009.03.16 02:04:48.926,6.8281,6.8414,1.00,2.00
2009.03.16 02:04:49.276,6.8282,6.8414,1.00,2.00
2009.03.16 02:05:15.690,6.8279,6.8412,1.00,2.00
2009.03.16 02:05:29.526,6.8277,6.8409,1.00,2.00
2009.03.16 02:05:31.306,6.8279,6.8411,1.00,2.00
2009.03.16 02:05:45.822,6.8277,6.8409,1.00,2.00
2009.03.16 02:05:54.800,6.8274,6.8406,1.00,2.00
2009.03.16 02:06:00.499,6.8277,6.8409,1.00,2.00
2009.03.16 02:06:01.409,6.8278,6.8414,1.00,2.00
2009.03.16 02:06:01.759,6.8277,6.8409,1.00,2.00
2009.03.16 02:06:02.089,6.8278,6.8414,1.00,2.00
2009.03.16 02:06:05.078,6.8281,6.8414,1.00,2.00
2009.03.16 02:06:05.247,6.8282,6.8414,1.00,2.00
2009.03.16 02:06:19.424,6.8284,6.8417,1.00,2.00
2009.03.16 02:06:20.684,6.8287,6.842,1.00,2.00
2009.03.16 02:06:21.254,6.8289,6.8424,1.00,2.00
2009.03.16 02:06:27.782,6.8287,6.842,1.00,2.00
2009.03.16 02:06:35.210,6.8295,6.8427,1.00,2.00
2009.03.16 02:06:35.730,6.8289,6.8424,1.00,2.00
2009.03.16 02:06:35.900,6.8293,6.8428,1.00,2.00
2009.03.16 02:06:36.080,6.8294,6.8429,1.00,2.00
2009.03.16 02:06:36.300,6.8289,6.8428,1.00,2.00
2009.03.16 02:06:36.520,6.8289,6.8424,1.00,2.00
2009.03.16 02:06:37.660,6.8295,6.8427,1.00,2.00
2009.03.16 02:06:37.770,6.8297,6.843,1.00,2.00
2009.03.16 02:06:38.060,6.8298,6.843,1.00,2.00
2009.03.16 02:06:40.929,6.83,6.8432,1.00,2.00
2009.03.16 02:06:42.129,6.8305,6.8438,1.00,2.00
2009.03.16 02:06:42.938,6.8303,6.8436,1.00,2.00
2009.03.16 02:06:47.017,6.8305,6.8438,1.00,2.00
2009.03.16 02:06:55.975,6.8308,6.844,1.00,2.00
2009.03.16 02:06:56.195,6.8308,6.8441,1.00,2.00
2009.03.16 02:07:12.871,6.8311,6.8443,1.00,2.00
2009.03.16 02:07:16.480,6.8313,6.8446,1.00,2.00
2009.03.16 02:07:16.820,6.8314,6.8446,1.00,2.00
2009.03.16 02:07:32.646,6.8316,6.8448,1.00,2.00
2009.03.16 02:07:34.756,6.8314,6.8446,1.00,2.00
2009.03.16 02:07:43.514,6.8311,6.8444,1.00,2.00
2009.03.16 02:07:49.362,6.8314,6.8446,1.00,2.00
2009.03.16 02:08:03.809,6.8311,6.8444,1.00,2.00
2009.03.16 02:08:05.249,6.8308,6.8441,1.00,2.00
2009.03.16 02:08:13.907,6.8306,6.8438,1.00,2.00
2009.03.16 02:08:18.196,6.83,6.8433,1.00,2.00
2009.03.16 02:08:18.255,6.83,6.8432,1.00,2.00
2009.03.16 02:08:18.545,6.8297,6.843,1.00,2.00
2009.03.16 02:08:19.425,6.8289,6.8428,1.00,2.00
2009.03.16 02:08:19.715,6.8283,6.8423,1.00,2.00
2009.03.16 02:08:19.975,6.8288,6.8423,1.00,2.00
2009.03.16 02:08:20.265,6.8289,6.8428,1.00,2.00
2009.03.16 02:08:31.502,6.8297,6.843,1.00,2.00
2009.03.16 02:08:50.428,6.8298,6.8434,1.00,2.00
2009.03.16 02:09:25.279,6.8298,6.8433,1.00,2.00
2009.03.16 02:09:59.861,6.8299,6.8432,1.00,2.00
2009.03.16 02:10:03.070,6.8302,6.8435,1.00,2.00
2009.03.16 02:10:41.341,6.83,6.8432,1.00,2.00
2009.03.16 02:10:44.880,6.8297,6.843,1.00,2.00
2009.03.16 02:11:05.645,6.8297,6.8429,1.00,2.00
2009.03.16 02:11:09.164,6.8288,6.8428,1.00,2.00
2009.03.16 02:11:09.574,6.8287,6.8423,1.00,2.00
2009.03.16 02:11:12.563,6.8286,6.8421,1.00,2.00
2009.03.16 02:11:13.103,6.829,6.8423,1.00,2.00
2009.03.16 02:11:13.553,6.8286,6.8421,1.00,2.00
2009.03.16 02:11:27.480,6.829,6.8424,1.00,2.00
2009.03.16 02:11:35.188,6.8287,6.8421,1.00,2.00
2009.03.16 02:11:35.847,6.8285,6.8419,1.00,2.00
2009.03.16 02:11:44.445,6.8281,6.8416,1.00,2.00
2009.03.16 02:11:47.385,6.8285,6.8419,1.00,2.00
2009.03.16 02:11:53.543,6.8282,6.8415,1.00,2.00
2009.03.16 02:12:13.418,6.8279,6.8413,1.00,2.00
2009.03.16 02:12:13.968,6.8277,6.841,1.00,2.00
2009.03.16 02:12:18.957,6.8274,6.8408,1.00,2.00
2009.03.16 02:13:04.386,6.8275,6.8408,1.00,2.00
2009.03.16 02:13:42.817,6.8276,6.841,1.00,2.00
2009.03.16 02:13:53.434,6.8273,6.8407,1.00,2.00
2009.03.16 02:14:02.892,6.8268,6.8402,1.00,2.00
2009.03.16 02:14:03.112,6.8265,6.8399,1.00,2.00
2009.03.16 02:14:04.061,6.8268,6.8402,1.00,2.00
2009.03.16 02:14:16.508,6.8265,6.8399,1.00,2.00
2009.03.16 02:14:16.898,6.8262,6.8398,1.00,2.00
2009.03.16 02:14:18.968,6.8265,6.8399,1.00,2.00
2009.03.16 02:14:40.703,6.8263,6.8396,1.00,2.00
2009.03.16 02:14:42.042,6.8265,6.8399,1.00,2.00
2009.03.16 02:14:42.664,6.8268,6.8402,1.00,2.00
2009.03.16 02:14:48.471,6.8263,6.8355,1.00,1.40
2009.03.16 02:14:48.581,6.8263,6.837,1.00,2.00
2009.03.16 02:14:48.881,6.8267,6.8372,1.00,2.00
2009.03.16 02:14:48.991,6.827,6.8376,1.00,2.00
2009.03.16 02:14:50.390,6.8267,6.837,1.00,2.00
2009.03.16 02:14:50.900,6.8265,6.8367,1.00,2.00
2009.03.16 02:14:51.080,6.8262,6.8365,1.00,2.00
2009.03.16 02:14:55.069,6.8262,6.8365,1.00,3.60
2009.03.16 02:14:55.349,6.8262,6.8365,1.00,2.00
2009.03.16 02:14:55.979,6.8265,6.8367,1.00,2.00
2009.03.16 02:14:57.069,6.8262,6.8365,1.00,2.00
2009.03.16 02:15:08.696,6.8262,6.8365,1.00,2.00
2009.03.16 02:15:26.822,6.8267,6.837,1.00,2.00
2009.03.16 02:15:34.450,6.8267,6.837,1.00,3.60
2009.03.16 02:15:34.559,6.8265,6.8367,1.00,2.00
2009.03.16 02:15:36.359,6.8262,6.8365,1.00,2.00
2009.03.16 02:15:36.639,6.8259,6.8364,1.00,2.00
2009.03.16 02:15:37.349,6.8259,6.8368,1.00,2.00
2009.03.16 02:15:38.149,6.8259,6.8364,1.00,2.00
2009.03.16 02:15:38.489,6.8259,6.8368,1.00,2.00
2009.03.16 02:15:39.878,6.8263,6.8368,1.00,2.00
2009.03.16 02:15:40.048,6.8264,6.8369,1.00,2.00
2009.03.16 02:15:47.516,6.8262,6.8365,1.00,2.00
2009.03.16 02:15:50.146,6.8259,6.8362,1.00,2.00
2009.03.16 02:15:51.705,6.8262,6.8365,1.00,2.00
2009.03.16 02:15:58.224,6.8259,6.8362,1.00,2.00
2009.03.16 02:15:58.394,6.8262,6.8365,1.00,2.00
2009.03.16 02:16:00.814,6.8259,6.8364,1.00,2.00
2009.03.16 02:16:01.293,6.8257,6.836,1.00,2.00
2009.03.16 02:16:12.480,6.8265,6.8355,1.00,1.40
2009.03.16 02:16:12.650,6.8265,6.8369,1.00,2.00
2009.03.16 02:16:12.920,6.8257,6.8362,1.00,2.00
2009.03.16 02:16:13.200,6.8259,6.8364,1.00,2.00
2009.03.16 02:16:13.430,6.8257,6.8362,1.00,2.00
2009.03.16 02:16:21.298,6.8259,6.8364,1.00,2.00
2009.03.16 02:16:21.528,6.8257,6.836,1.00,2.00
2009.03.16 02:16:28.606,6.8259,6.8362,1.00,2.00
2009.03.16 02:16:36.794,6.8262,6.8365,1.00,3.60
2009.03.16 02:16:36.974,6.8262,6.8365,1.00,2.00
2009.03.16 02:16:39.364,6.8264,6.8369,1.00,2.00
2009.03.16 02:16:39.534,6.8259,6.8362,1.00,2.00
2009.03.16 02:16:42.763,6.8262,6.8365,1.00,3.60
2009.03.16 02:16:43.123,6.8262,6.8365,1.00,2.00
2009.03.16 02:16:45.122,6.8264,6.8369,1.00,2.00
2009.03.16 02:16:46.152,6.8267,6.837,1.00,2.00
2009.03.16 02:16:47.872,6.8265,6.8367,1.00,2.00
2009.03.16 02:16:48.682,6.8267,6.837,1.00,3.60
2009.03.16 02:16:48.851,6.8267,6.837,1.00,2.00
2009.03.16 02:16:50.301,6.8265,6.8367,1.00,2.00
2009.03.16 02:16:51.161,6.8262,6.8365,1.00,2.00
2009.03.16 02:17:08.697,6.8259,6.8362,1.00,2.00
2009.03.16 02:17:11.056,6.8265,6.8355,1.00,1.40
2009.03.16 02:17:11.346,6.8265,6.8369,1.00,2.00
2009.03.16 02:17:19.064,6.8267,6.837,1.00,3.60
2009.03.16 02:17:19.174,6.827,6.8362,1.00,1.40
2009.03.16 02:17:19.234,6.827,6.8375,1.00,2.00
2009.03.16 02:17:22.643,6.8267,6.837,1.00,2.00
2009.03.16 02:17:40.739,6.827,6.8373,1.00,2.00
2009.03.16 02:17:41.918,6.8273,6.8375,1.00,2.00
2009.03.16 02:17:44.508,6.827,6.8373,1.00,2.00
2009.03.16 02:17:45.028,6.8273,6.8375,1.00,2.00
2009.03.16 02:17:53.376,6.8275,6.8378,1.00,2.00
2009.03.16 02:18:08.622,6.8273,6.8375,1.00,2.00
2009.03.16 02:18:09.262,6.827,6.8373,1.00,2.00
2009.03.16 02:18:32.106,6.8273,6.8375,1.00,2.00
2009.03.16 02:18:32.217,6.8275,6.8366,1.00,1.40
2009.03.16 02:18:32.456,6.8275,6.838,1.00,3.60
2009.03.16 02:18:32.616,6.8275,6.838,1.00,2.00
2009.03.16 02:18:56.101,6.8275,6.8378,1.00,3.60
2009.03.16 02:18:56.211,6.8273,6.8375,1.00,2.00
2009.03.16 02:18:56.334,6.827,6.8373,1.00,2.00
2009.03.16 02:19:06.348,6.827,6.8372,1.00,2.00
2009.03.16 02:19:25.613,6.8276,6.8366,1.00,1.40
2009.03.16 02:19:25.883,6.8276,6.8379,1.00,2.00
2009.03.16 02:19:27.523,6.8279,6.838,1.00,2.00
2009.03.16 02:19:36.371,6.8276,6.8378,1.00,2.00
2009.03.16 02:20:03.204,6.8279,6.838,1.00,2.00
2009.03.16 02:20:03.554,6.8281,6.8382,1.00,2.00
2009.03.16 02:20:17.411,6.8279,6.838,1.00,2.00
2009.03.16 02:20:28.468,6.8276,6.8378,1.00,2.00
2009.03.16 02:20:33.657,6.8279,6.838,1.00,2.00
2009.03.16 02:20:49.384,6.8276,6.8378,1.00,2.00
2009.03.16 02:20:55.582,6.8276,6.8378,1.00,2.00
2009.03.16 02:20:58.431,6.8274,6.8375,1.00,2.00
2009.03.16 02:20:59.771,6.8275,6.8379,1.00,2.00
2009.03.16 02:21:00.170,6.8275,6.8368,1.00,1.40
2009.03.16 02:21:00.291,6.8275,6.8381,1.00,2.00
2009.03.16 02:21:02.230,6.8279,6.838,1.00,2.00
2009.03.16 02:21:04.570,6.8276,6.8378,1.00,2.00
2009.03.16 02:21:09.498,6.8279,6.838,1.00,2.00
2009.03.16 02:21:21.065,6.8279,6.8381,1.00,2.00
2009.03.16 02:21:21.115,6.8279,6.838,1.00,2.00
2009.03.16 02:21:23.825,6.8271,6.8372,1.00,2.00
2009.03.16 02:21:24.285,6.8268,6.837,1.00,2.00
2009.03.16 02:21:25.284,6.8271,6.8372,1.00,2.00
2009.03.16 02:21:30.223,6.8268,6.837,1.00,2.00
2009.03.16 02:21:30.393,6.8268,6.837,1.00,3.60
2009.03.16 02:21:30.633,6.8266,6.8367,1.00,2.00
2009.03.16 02:21:38.412,6.827,6.8374,1.00,2.00
2009.03.16 02:21:38.711,6.827,6.8378,1.00,2.00
2009.03.16 02:21:39.221,6.8274,6.8362,1.00,1.40
2009.03.16 02:21:39.461,6.8274,6.8377,1.00,2.00
2009.03.16 02:21:40.031,6.827,6.838,1.00,2.00
2009.03.16 02:21:41.101,6.827,6.8374,1.00,2.00
2009.03.16 02:21:43.570,6.827,6.8378,1.00,2.00
2009.03.16 02:21:46.639,6.827,6.8374,1.00,2.00
2009.03.16 02:21:48.309,6.827,6.8378,1.00,2.00
2009.03.16 02:21:52.318,6.827,6.8374,1.00,2.00
2009.03.16 02:21:58.567,6.827,6.8378,1.00,2.00
2009.03.16 02:22:02.125,6.8275,6.8379,1.00,2.00
2009.03.16 02:22:23.490,6.8278,6.838,1.00,2.00
2009.03.16 02:22:23.771,6.8279,6.838,1.00,2.00
2009.03.16 02:22:36.917,6.8275,6.8379,1.00,2.00
2009.03.16 02:22:47.555,6.8278,6.838,1.00,2.00
2009.03.16 02:22:47.784,6.8279,6.838,1.00,2.00
2009.03.16 02:22:53.673,6.8276,6.8378,1.00,2.00
2009.03.16 02:23:08.940,6.8279,6.838,1.00,2.00
2009.03.16 02:23:18.507,6.8275,6.8379,1.00,2.00
2009.03.16 02:23:52.709,6.8278,6.8381,1.00,2.00
2009.03.16 02:23:57.728,6.8275,6.8378,1.00,2.00
2009.03.16 02:24:01.636,6.8278,6.8381,1.00,3.60
2009.03.16 02:24:01.806,6.8278,6.8381,1.00,2.00
2009.03.16 02:24:02.436,6.8275,6.8379,1.00,2.00
2009.03.16 02:24:10.254,6.8273,6.8375,1.00,2.00
2009.03.16 02:24:23.941,6.8275,6.8378,1.00,2.00
2009.03.16 02:24:27.460,6.8278,6.8381,1.00,2.00
2009.03.16 02:25:02.829,6.81869,6.83075,1.60,1.20
2009.03.16 02:25:02.939,6.81997,6.83252,1.60,1.20
2009.03.16 02:25:03.629,6.82141,6.83371,1.60,1.20
2009.03.16 02:25:03.949,6.82231,6.83411,1.60,1.20
2009.03.16 02:25:04.119,6.82248,6.83453,1.60,1.20
2009.03.16 02:25:04.289,6.82295,6.8355,1.60,1.20
2009.03.16 02:25:06.399,6.82372,6.83602,1.60,1.20
2009.03.16 02:25:06.758,6.82346,6.83601,1.60,1.20
2009.03.16 02:25:31.322,6.8233,6.83535,1.60,1.20
2009.03.16 02:25:31.372,6.82227,6.83482,1.60,1.20
2009.03.16 02:25:33.982,6.82123,6.83353,1.60,1.20
2009.03.16 02:25:34.432,6.82054,6.83259,1.60,1.20
2009.03.16 02:25:34.612,6.82049,6.83279,1.60,1.20
2009.03.16 02:25:34.952,6.8212,6.83325,1.60,1.20
2009.03.16 02:25:35.011,6.82155,6.83385,1.60,1.20
2009.03.16 02:25:38.760,6.82196,6.83391,1.60,1.20
2009.03.16 02:25:54.337,6.82215,6.8344,1.60,1.20
2009.03.16 02:25:56.296,6.82281,6.83526,1.60,1.20
2009.03.16 02:25:56.646,6.82344,6.83574,1.60,1.20
2009.03.16 02:26:20.243,6.8275,6.8378,1.00,2.00
2009.03.16 02:26:29.201,6.8278,6.8381,1.00,2.00
2009.03.16 02:26:33.620,6.8307,6.8384,1.00,2.00
2009.03.16 02:26:35.189,6.8273,6.838,1.00,2.00
2009.03.16 02:26:55.115,6.8275,6.8377,1.00,2.00
2009.03.16 02:27:00.963,6.8272,6.8375,1.00,2.00
2009.03.16 02:27:06.781,6.8269,6.8372,1.00,2.00
2009.03.16 02:28:17.095,6.8267,6.8369,1.00,2.00
2009.03.16 02:28:17.964,6.8269,6.8372,1.00,2.00
2009.03.16 02:28:32.331,6.8272,6.8375,1.00,2.00
2009.03.16 02:29:05.733,6.8276,6.8378,1.00,2.00
2009.03.16 02:29:12.141,6.8278,6.838,1.00,2.00
2009.03.16 02:29:18.490,6.8277,6.838,1.00,2.00
2009.03.16 02:29:51.961,6.828,6.8383,1.00,2.00
2009.03.16 02:30:08.118,6.8282,6.8385,1.00,2.00
2009.03.16 02:30:09.707,6.8285,6.8388,1.00,2.00
2009.03.16 02:30:12.816,6.8288,6.8391,1.00,2.00
2009.03.16 02:30:13.166,6.829,6.8393,1.00,2.00
2009.03.16 02:30:13.277,6.8293,6.8396,1.00,2.00
2009.03.16 02:30:14.666,6.8296,6.8398,1.00,2.00
2009.03.16 02:30:15.556,6.8293,6.8396,1.00,2.00
2009.03.16 02:30:18.295,6.829,6.8393,1.00,2.00
2009.03.16 02:30:19.855,6.8288,6.8391,1.00,2.00
2009.03.16 02:30:21.524,6.8285,6.8389,1.00,2.00
2009.03.16 02:30:22.584,6.829,6.8393,1.00,2.00
2009.03.16 02:30:23.514,6.8293,6.8396,1.00,2.00
2009.03.16 02:30:25.643,6.8294,6.8396,1.00,2.00
2009.03.16 02:30:26.293,6.8291,6.8395,1.00,2.00
2009.03.16 02:30:28.553,6.829,6.8395,1.00,2.00
2009.03.16 02:30:29.812,6.8288,6.8391,1.00,2.00
2009.03.16 02:30:49.468,6.8291,6.8394,1.00,2.00
2009.03.16 02:30:53.617,6.829,6.8393,1.00,2.00
2009.03.16 02:30:54.756,6.8285,6.8388,1.00,2.00
2009.03.16 02:30:55.466,6.8282,6.8385,1.00,2.00
2009.03.16 02:30:56.236,6.8285,6.8389,1.00,2.00
2009.03.16 02:30:58.606,6.8282,6.8385,1.00,2.00
2009.03.16 02:31:00.685,6.8285,6.8389,1.00,2.00
2009.03.16 02:31:00.856,6.8294,6.8398,1.00,2.00
2009.03.16 02:31:01.025,6.8288,6.8395,1.00,2.00
2009.03.16 02:31:13.682,6.8293,6.8396,1.00,2.00
2009.03.16 02:31:19.320,6.8294,6.8396,1.00,2.00
2009.03.16 02:31:28.848,6.8298,6.84,1.00,2.00
2009.03.16 02:31:45.644,6.83,6.8403,1.00,2.00
2009.03.16 02:32:10.128,6.8304,6.8406,1.00,2.00
2009.03.16 02:32:15.597,6.8309,6.8411,1.00,2.00
2009.03.16 02:32:16.116,6.8306,6.8409,1.00,2.00
2009.03.16 02:32:16.617,6.8309,6.8411,1.00,2.00
2009.03.16 02:32:16.726,6.8311,6.8414,1.00,2.00
2009.03.16 02:32:18.336,6.8308,6.8413,1.00,2.00
2009.03.16 02:32:19.036,6.8311,6.8414,1.00,2.00
2009.03.16 02:32:19.786,6.8309,6.8411,1.00,2.00
2009.03.16 02:32:38.901,6.8311,6.8414,1.00,2.00
2009.03.16 02:32:42.420,6.8309,6.8411,1.00,2.00
2009.03.16 02:32:45.069,6.8306,6.8409,1.00,2.00
2009.03.16 02:33:04.605,6.8304,6.8406,1.00,2.00
2009.03.16 02:33:04.775,6.8306,6.8409,1.00,2.00
2009.03.16 02:33:23.340,6.8304,6.8406,1.00,2.00
2009.03.16 02:33:23.630,6.8306,6.8409,1.00,2.00
2009.03.16 02:33:23.921,6.8309,6.8411,1.00,2.00
2009.03.16 02:33:27.430,6.8311,6.8414,1.00,2.00
2009.03.16 02:33:27.779,6.8309,6.8411,1.00,2.00
2009.03.16 02:33:33.068,6.8311,6.8414,1.00,2.00
2009.03.16 02:33:33.398,6.8314,6.8417,1.00,2.00
2009.03.16 02:33:34.897,6.8311,6.8414,1.00,2.00
2009.03.16 02:33:38.346,6.8314,6.8417,1.00,2.00
2009.03.16 02:33:39.456,6.8316,6.8419,1.00,2.00
2009.03.16 02:33:40.366,6.8314,6.8417,1.00,2.00
2009.03.16 02:33:43.945,6.8317,6.8419,1.00,2.00
2009.03.16 02:33:44.235,6.8319,6.8422,1.00,2.00
2009.03.16 02:33:44.625,6.8318,6.8421,1.00,2.00
2009.03.16 02:33:56.982,6.8316,6.8419,1.00,2.00
2009.03.16 02:33:57.392,6.8324,6.8431,1.00,2.00
2009.03.16 02:33:57.672,6.8323,6.843,1.00,2.00
2009.03.16 02:33:58.332,6.832,6.8428,1.00,2.00
2009.03.16 02:33:59.601,6.8319,6.8422,1.00,2.00
2009.03.16 02:34:00.751,6.8322,6.8426,1.00,2.00
2009.03.16 02:34:02.970,6.8319,6.8422,1.00,2.00
2009.03.16 02:34:05.260,6.8322,6.8426,1.00,2.00
2009.03.16 02:34:06.890,6.8323,6.8427,1.00,2.00
2009.03.16 02:34:10.189,6.8326,6.8429,1.00,2.00
2009.03.16 02:34:23.675,6.8323,6.8428,1.00,2.00
2009.03.16 02:34:31.144,6.8323,6.8428,1.00,2.00
2009.03.16 02:34:36.023,6.8326,6.8429,1.00,2.00
2009.03.16 02:34:48.220,6.8323,6.8428,1.00,2.00
2009.03.16 02:34:48.449,6.8321,6.8424,1.00,2.00
2009.03.16 02:34:53.148,6.8322,6.8424,1.00,2.00
2009.03.16 02:34:57.947,6.8324,6.8428,1.00,3.60
2009.03.16 02:34:58.117,6.8324,6.8428,1.00,2.00
2009.03.16 02:35:00.637,6.8327,6.843,1.00,2.00
2009.03.16 02:35:01.596,6.8325,6.8427,1.00,2.00
2009.03.16 02:35:02.476,6.8327,6.8419,1.00,1.40
2009.03.16 02:35:02.646,6.8327,6.8432,1.00,2.00
2009.03.16 02:35:03.966,6.8325,6.8427,1.00,2.00
2009.03.16 02:35:07.675,6.8322,6.8424,1.00,2.00
2009.03.16 02:35:15.923,6.8321,6.8424,1.00,2.00
2009.03.16 02:35:32.689,6.8322,6.8424,1.00,2.00
2009.03.16 02:35:34.569,6.8322,6.8415,1.00,1.40
2009.03.16 02:35:34.738,6.8319,6.8424,1.00,2.00
2009.03.16 02:35:40.207,6.8316,6.8419,1.00,2.00
2009.03.16 02:35:40.777,6.8319,6.8422,1.00,2.00
2009.03.16 02:35:41.007,6.8316,6.8419,1.00,2.00
2009.03.16 02:35:43.216,6.8315,6.8418,1.00,2.00
2009.03.16 02:36:15.858,6.8313,6.8415,1.00,2.00
2009.03.16 02:36:18.428,6.8314,6.8417,1.00,2.00
2009.03.16 02:36:18.658,6.8311,6.8414,1.00,2.00
2009.03.16 02:36:20.337,6.831,6.8413,1.00,2.00
2009.03.16 02:36:22.337,6.8313,6.8417,1.00,2.00
2009.03.16 02:36:25.696,6.831,6.8413,1.00,2.00
2009.03.16 02:36:30.635,6.8308,6.8411,1.00,2.00
2009.03.16 02:36:30.965,6.8305,6.8408,1.00,2.00
2009.03.16 02:36:31.135,6.8306,6.8409,1.00,2.00
2009.03.16 02:36:33.724,6.8305,6.8408,1.00,2.00
2009.03.16 02:36:43.042,6.8306,6.8409,1.00,2.00
2009.03.16 02:36:51.450,6.8305,6.8408,1.00,2.00
2009.03.16 02:36:57.548,6.8309,6.8411,1.00,2.00
2009.03.16 02:36:59.138,6.831,6.8413,1.00,3.60
2009.03.16 02:36:59.308,6.831,6.8413,1.00,2.00
2009.03.16 02:37:04.806,6.8311,6.8414,1.00,2.00
2009.03.16 02:37:45.916,6.8313,6.8418,1.00,2.00
2009.03.16 02:37:46.266,6.8313,6.8422,1.00,2.00
2009.03.16 02:37:46.496,6.8319,6.8423,1.00,2.00
2009.03.16 02:37:47.646,6.8319,6.8427,1.00,2.00
2009.03.16 02:37:47.936,6.8324,6.8428,1.00,2.00
2009.03.16 02:37:48.436,6.8324,6.8433,1.00,2.00
2009.03.16 02:37:48.846,6.8329,6.8434,1.00,2.00
2009.03.16 02:37:49.596,6.8329,6.8438,1.00,2.00
2009.03.16 02:37:49.905,6.8335,6.8439,1.00,2.00
2009.03.16 02:37:55.364,6.8329,6.8434,1.00,2.00
2009.03.16 02:37:55.864,6.8332,6.8435,1.00,2.00
2009.03.16 02:37:56.034,6.833,6.8432,1.00,2.00
2009.03.16 02:37:58.123,6.8329,6.8432,1.00,2.00
2009.03.16 02:37:58.363,6.8326,6.8429,1.00,2.00
2009.03.16 02:38:00.013,6.8324,6.8427,1.00,2.00
2009.03.16 02:38:00.833,6.8321,6.8424,1.00,2.00
2009.03.16 02:38:01.123,6.8324,6.8427,1.00,2.00
2009.03.16 02:38:03.142,6.8321,6.8424,1.00,2.00
2009.03.16 02:38:04.392,6.8318,6.8423,1.00,2.00
2009.03.16 02:38:04.563,6.8316,6.8419,1.00,2.00
2009.03.16 02:38:05.362,6.8318,6.8421,1.00,2.00
2009.03.16 02:38:09.771,6.8321,6.8424,1.00,2.00
2009.03.16 02:38:09.941,6.8318,6.8423,1.00,2.00
2009.03.16 02:38:13.540,6.8318,6.8423,1.00,3.60
2009.03.16 02:38:13.820,6.8316,6.8419,1.00,2.00
2009.03.16 02:38:14.510,6.8318,6.8423,1.00,2.00
2009.03.16 02:38:18.749,6.8316,6.8419,1.00,2.00
2009.03.16 02:38:34.075,6.8318,6.8423,1.00,2.00
2009.03.16 02:38:57.309,6.8314,6.8417,1.00,2.00
2009.03.16 02:39:13.685,6.8312,6.8414,1.00,2.00
2009.03.16 02:40:19.739,6.8314,6.8417,1.00,2.00
2009.03.16 02:40:51.572,6.8312,6.8414,1.00,2.00
2009.03.16 02:40:52.431,6.8313,6.8415,1.00,2.00
2009.03.16 02:40:59.590,6.8315,6.8418,1.00,2.00
2009.03.16 02:41:03.489,6.8318,6.842,1.00,2.00
2009.03.16 02:41:07.788,6.832,6.8423,1.00,2.00
2009.03.16 02:41:07.967,6.8322,6.8427,1.00,2.00
2009.03.16 02:41:08.647,6.8322,6.8431,1.00,2.00
2009.03.16 02:41:14.496,6.8322,6.8427,1.00,2.00
2009.03.16 02:41:29.043,6.8322,6.8431,1.00,2.00
2009.03.16 02:41:30.862,6.8322,6.8427,1.00,2.00
2009.03.16 02:41:31.102,6.832,6.8423,1.00,2.00
2009.03.16 02:41:50.037,6.8322,6.8425,1.00,2.00
2009.03.16 02:41:54.326,6.8325,6.8428,1.00,2.00
2009.03.16 02:41:57.876,6.8322,6.8425,1.00,2.00
2009.03.16 02:42:01.464,6.8319,6.8422,1.00,2.00
2009.03.16 02:42:02.134,6.8322,6.8425,1.00,2.00
2009.03.16 02:42:32.747,6.8319,6.8422,1.00,2.00
2009.03.16 02:42:43.834,6.8322,6.8426,1.00,2.00
2009.03.16 02:42:45.464,6.8325,6.8428,1.00,2.00
2009.03.16 02:43:03.280,6.8322,6.8425,1.00,2.00
2009.03.16 02:43:03.910,6.8319,6.8422,1.00,2.00
2009.03.16 02:43:04.339,6.8317,6.842,1.00,2.00
2009.03.16 02:43:10.468,6.8314,6.8417,1.00,2.00
2009.03.16 02:43:19.246,6.8312,6.8414,1.00,2.00
2009.03.16 02:43:19.575,6.8314,6.8417,1.00,2.00
2009.03.16 02:43:25.094,6.8312,6.8414,1.00,2.00
2009.03.16 02:44:01.576,6.831,6.8411,1.00,2.00
2009.03.16 02:44:02.825,6.8312,6.8414,1.00,2.00
2009.03.16 02:44:25.680,6.8318,6.8419,1.00,2.00
2009.03.16 02:44:25.860,6.8315,6.8417,1.00,2.00
2009.03.16 02:44:30.398,6.8312,6.8414,1.00,2.00
2009.03.16 02:44:31.998,6.8315,6.8417,1.00,2.00
2009.03.16 02:44:32.858,6.8311,6.8416,1.00,2.00
2009.03.16 02:44:35.027,6.8315,6.8417,1.00,2.00
2009.03.16 02:44:52.073,6.832,6.8422,1.00,2.00
2009.03.16 02:44:54.962,6.8321,6.8423,1.00,2.00
2009.03.16 02:45:05.300,6.8318,6.842,1.00,2.00
2009.03.16 02:45:07.050,6.8318,6.8419,1.00,2.00
2009.03.16 02:45:15.637,6.8323,6.8413,1.00,1.40
2009.03.16 02:45:15.918,6.8323,6.8427,1.00,2.00
2009.03.16 02:45:16.217,6.832,6.8424,1.00,2.00
2009.03.16 02:45:27.644,6.8318,6.8419,1.00,2.00
2009.03.16 02:46:09.035,6.8315,6.8417,1.00,2.00
2009.03.16 02:46:09.884,6.8318,6.8419,1.00,2.00
2009.03.16 02:46:13.653,6.8315,6.8417,1.00,2.00
2009.03.16 02:46:22.061,6.8318,6.8419,1.00,2.00
2009.03.16 02:46:22.531,6.832,6.8422,1.00,2.00
2009.03.16 02:46:22.981,6.8317,6.8421,1.00,2.00
2009.03.16 02:46:24.351,6.832,6.8422,1.00,2.00
2009.03.16 02:46:25.261,6.8319,6.8422,1.00,2.00
2009.03.16 02:46:32.089,6.8317,6.842,1.00,2.00
2009.03.16 02:46:41.267,6.8314,6.8417,1.00,2.00
2009.03.16 02:46:57.363,6.8312,6.8414,1.00,2.00
2009.03.16 02:47:00.522,6.8309,6.8412,1.00,2.00
2009.03.16 02:47:00.912,6.8312,6.8414,1.00,2.00
2009.03.16 02:47:10.099,6.8309,6.8412,1.00,2.00
2009.03.16 02:47:10.260,6.8306,6.8409,1.00,2.00
2009.03.16 02:47:12.659,6.8309,6.8412,1.00,2.00
2009.03.16 02:47:13.399,6.8311,6.8416,1.00,2.00
2009.03.16 02:47:18.558,6.8306,6.8409,1.00,2.00
2009.03.16 02:47:18.838,6.831,6.8403,1.00,1.40
2009.03.16 02:47:18.958,6.8311,6.8403,1.00,1.40
2009.03.16 02:47:19.068,6.8311,6.8418,1.00,2.00
2009.03.16 02:47:21.327,6.8309,6.8412,1.00,2.00
2009.03.16 02:47:29.325,6.8312,6.8414,1.00,2.00
2009.03.16 02:47:30.895,6.8314,6.8417,1.00,2.00
2009.03.16 02:47:31.115,6.8315,6.8418,1.00,3.60
2009.03.16 02:47:31.286,6.8315,6.8418,1.00,2.00
2009.03.16 02:47:32.624,6.8318,6.842,1.00,2.00
2009.03.16 02:47:35.374,6.832,6.8423,1.00,2.00
2009.03.16 02:47:37.543,6.8318,6.842,1.00,2.00
2009.03.16 02:47:42.292,6.832,6.8423,1.00,3.60
2009.03.16 02:47:42.692,6.832,6.8423,1.00,2.00
2009.03.16 02:47:44.161,6.8318,6.842,1.00,2.00
2009.03.16 02:47:52.239,6.832,6.8423,1.00,3.60
2009.03.16 02:47:52.630,6.832,6.8423,1.00,2.00
2009.03.16 02:47:54.079,6.8323,6.8426,1.00,2.00
2009.03.16 02:47:55.579,6.8318,6.842,1.00,2.00
2009.03.16 02:48:01.947,6.832,6.8423,1.00,3.60
2009.03.16 02:48:02.067,6.832,6.8423,1.00,2.00
2009.03.16 02:48:03.907,6.8318,6.842,1.00,2.00
2009.03.16 02:48:12.524,6.8317,6.842,1.00,2.00
2009.03.16 02:48:24.132,6.8319,6.8422,1.00,2.00
2009.03.16 02:49:44.322,6.8322,6.8425,1.00,2.00
2009.03.16 02:49:51.810,6.8325,6.8428,1.00,2.00
2009.03.16 02:49:52.211,6.8327,6.843,1.00,2.00
2009.03.16 02:49:59.379,6.8328,6.8431,1.00,2.00
2009.03.16 02:50:22.663,6.8333,6.8438,1.00,2.00
2009.03.16 02:50:22.833,6.8336,6.8439,1.00,2.00
2009.03.16 02:50:23.173,6.8338,6.8443,1.00,2.00
2009.03.16 02:50:23.393,6.8341,6.8444,1.00,2.00
2009.03.16 02:50:28.592,6.8344,6.8445,1.00,1.60
2009.03.16 02:50:29.462,6.8341,6.8444,1.00,2.00
2009.03.16 02:50:30.401,6.8344,6.8445,1.00,1.60
2009.03.16 02:50:32.451,6.8344,6.8447,1.00,2.00
2009.03.16 02:50:33.950,6.8353,6.8445,1.00,1.40
2009.03.16 02:50:34.110,6.8344,6.8449,1.00,2.00
2009.03.16 02:50:35.110,6.8349,6.8453,1.00,2.00
2009.03.16 02:50:35.860,6.8346,6.8449,1.00,2.00
2009.03.16 02:50:36.770,6.835,6.8452,1.00,2.00
2009.03.16 02:50:37.109,6.8352,6.8455,1.00,2.00
2009.03.16 02:50:38.669,6.835,6.8452,1.00,2.00
2009.03.16 02:50:39.179,6.8352,6.8455,1.00,3.60
2009.03.16 02:50:39.589,6.8352,6.8455,1.00,2.00
2009.03.16 02:50:41.908,6.8355,6.8457,1.00,2.00
2009.03.16 02:50:42.078,6.835,6.8452,1.00,2.00
2009.03.16 02:50:42.648,6.8355,6.8445,1.00,1.40
2009.03.16 02:50:42.928,6.8355,6.8459,1.00,2.00
2009.03.16 02:50:58.704,6.8357,6.846,1.00,2.00
2009.03.16 02:51:08.192,6.8355,6.8457,1.00,2.00
2009.03.16 02:51:09.462,6.8357,6.846,1.00,2.00
2009.03.16 02:51:09.862,6.836,6.8463,1.00,2.00
2009.03.16 02:51:11.601,6.8357,6.846,1.00,2.00
2009.03.16 02:51:20.809,6.836,6.8463,1.00,2.00
2009.03.16 02:51:22.758,6.8357,6.846,1.00,2.00
2009.03.16 02:51:23.038,6.8355,6.8457,1.00,2.00
2009.03.16 02:51:24.098,6.8357,6.846,1.00,2.00
2009.03.16 02:51:45.463,6.8359,6.8462,1.00,2.00
2009.03.16 02:51:49.362,6.8362,6.8464,1.00,2.00
2009.03.16 02:52:27.083,6.8367,6.847,1.00,2.00
2009.03.16 02:52:27.593,6.8364,6.8467,1.00,2.00
2009.03.16 02:52:33.111,6.8367,6.847,1.00,2.00
2009.03.16 02:52:34.501,6.8369,6.8461,1.00,1.40
2009.03.16 02:52:34.781,6.8369,6.8474,1.00,2.00
2009.03.16 02:52:35.061,6.8372,6.8478,1.00,3.60
2009.03.16 02:52:35.351,6.8372,6.8478,1.00,2.00
2009.03.16 02:52:35.531,6.8375,6.848,1.00,2.00
2009.03.16 02:52:39.470,6.8374,6.8477,1.00,2.00
2009.03.16 02:52:40.200,6.8375,6.8478,1.00,2.00
2009.03.16 02:52:41.859,6.8374,6.8477,1.00,2.00
2009.03.16 02:52:46.908,6.8372,6.8475,1.00,2.00
2009.03.16 02:52:53.256,6.8375,6.8479,1.00,2.00
2009.03.16 02:52:58.455,6.8383,6.8486,1.00,2.00
2009.03.16 02:53:03.314,6.838,6.8483,1.00,2.00
2009.03.16 02:53:03.584,6.8383,6.8486,1.00,2.00
2009.03.16 02:53:05.593,6.837,6.8477,1.00,2.00
2009.03.16 02:53:05.823,6.8373,6.848,1.00,2.00
2009.03.16 02:53:06.063,6.837,6.8477,1.00,2.00
2009.03.16 02:53:07.523,6.8375,6.8478,1.00,2.00
2009.03.16 02:53:14.082,6.8367,6.847,1.00,2.00
2009.03.16 02:53:14.441,6.837,6.8461,1.00,1.40
2009.03.16 02:53:14.552,6.837,6.8475,1.00,2.00
2009.03.16 02:53:14.881,6.8367,6.8472,1.00,2.00
2009.03.16 02:53:15.391,6.8365,6.8469,1.00,2.00
2009.03.16 02:53:16.881,6.8367,6.847,1.00,2.00
2009.03.16 02:53:17.920,6.8365,6.8467,1.00,2.00
2009.03.16 02:53:21.020,6.837,6.8473,1.00,2.00
2009.03.16 02:53:21.369,6.8367,6.847,1.00,2.00
2009.03.16 02:53:22.049,6.8369,6.8474,1.00,2.00
2009.03.16 02:53:25.199,6.8372,6.8475,1.00,2.00
2009.03.16 02:53:35.896,6.8375,6.8478,1.00,2.00
2009.03.16 02:53:36.056,6.8372,6.8475,1.00,2.00
2009.03.16 02:53:37.596,6.8369,6.8463,1.00,1.40
2009.03.16 02:53:37.826,6.8365,6.8469,1.00,2.00
2009.03.16 02:53:38.296,6.8367,6.8463,1.00,1.40
2009.03.16 02:53:38.525,6.8381,6.8463,1.00,1.40
2009.03.16 02:53:38.755,6.8381,6.8476,1.00,1.40
2009.03.16 02:53:39.035,6.8381,6.8488,1.00,2.00
2009.03.16 02:53:39.955,6.838,6.8485,1.00,2.00
2009.03.16 02:53:40.295,6.8383,6.8486,1.00,2.00
2009.03.16 02:53:40.535,6.838,6.8485,1.00,2.00
2009.03.16 02:53:40.755,6.8378,6.8481,1.00,2.00
2009.03.16 02:53:41.195,6.8375,6.8479,1.00,2.00
2009.03.16 02:53:44.004,6.8375,6.8484,1.00,2.00
2009.03.16 02:53:44.984,6.8379,6.8484,1.00,2.00
2009.03.16 02:53:45.564,6.838,6.8485,1.00,2.00
2009.03.16 02:53:57.041,6.8383,6.8486,1.00,2.00
2009.03.16 02:54:36.112,6.8378,6.8481,1.00,2.00
2009.03.16 02:54:36.352,6.838,6.8483,1.00,2.00
2009.03.16 02:54:37.341,6.8378,6.8481,1.00,2.00
2009.03.16 02:54:41.340,6.838,6.8483,1.00,2.00
2009.03.16 02:54:56.467,6.8383,6.8486,1.00,2.00
2009.03.16 02:54:58.696,6.8375,6.8478,1.00,2.00
2009.03.16 02:55:01.166,6.8378,6.8481,1.00,2.00
2009.03.16 02:55:10.853,6.8375,6.8478,1.00,2.00
2009.03.16 02:55:13.393,6.837,6.8473,1.00,2.00
2009.03.16 02:55:13.632,6.8367,6.847,1.00,2.00
2009.03.16 02:55:15.482,6.8365,6.8467,1.00,2.00
2009.03.16 02:55:17.142,6.8362,6.8465,1.00,2.00
2009.03.16 02:55:20.841,6.8365,6.8467,1.00,2.00
2009.03.16 02:55:21.301,6.8362,6.8465,1.00,2.00
2009.03.16 02:55:21.530,6.8359,6.8462,1.00,2.00
2009.03.16 02:55:27.479,6.8357,6.8459,1.00,2.00
2009.03.16 02:55:35.017,6.8365,6.8456,1.00,1.40
2009.03.16 02:55:35.247,6.8365,6.8469,1.00,2.00
2009.03.16 02:55:36.727,6.8362,6.8465,1.00,2.00
2009.03.16 02:55:38.766,6.8365,6.8467,1.00,2.00
2009.03.16 02:55:39.656,6.8367,6.847,1.00,2.00
2009.03.16 02:55:43.105,6.8365,6.8467,1.00,2.00
2009.03.16 02:55:45.615,6.8367,6.847,1.00,2.00
2009.03.16 02:55:45.855,6.837,6.8473,1.00,2.00
2009.03.16 02:55:48.094,6.8367,6.847,1.00,2.00
2009.03.16 02:55:48.684,6.8363,6.8468,1.00,2.00
2009.03.16 02:55:50.983,6.8362,6.8465,1.00,2.00
2009.03.16 02:55:52.895,6.8358,6.8462,1.00,2.00
2009.03.16 02:55:53.833,6.8365,6.8467,1.00,2.00
2009.03.16 02:55:55.822,6.8362,6.8465,1.00,2.00
2009.03.16 02:55:56.382,6.8358,6.8462,1.00,2.00
2009.03.16 02:55:59.261,6.8362,6.8465,1.00,2.00
2009.03.16 02:56:01.621,6.8358,6.8462,1.00,2.00
2009.03.16 02:56:03.380,6.8357,6.8459,1.00,2.00
2009.03.16 02:56:11.139,6.8359,6.8462,1.00,2.00
2009.03.16 02:56:16.417,6.8357,6.8459,1.00,2.00
2009.03.16 02:56:29.384,6.8353,6.8457,1.00,2.00
2009.03.16 02:56:31.473,6.8351,6.8454,1.00,2.00
2009.03.16 02:56:32.523,6.8347,6.8452,1.00,2.00
2009.03.16 02:56:33.713,6.8343,6.8452,1.00,2.00
2009.03.16 02:56:34.873,6.8351,6.8454,1.00,2.00
2009.03.16 02:56:45.450,6.8349,6.8452,1.00,2.00
2009.03.16 02:56:46.790,6.8346,6.8449,1.00,2.00
2009.03.16 02:56:47.260,6.8342,6.8447,1.00,2.00
2009.03.16 02:56:47.590,6.8341,6.8445,1.00,2.00
2009.03.16 02:56:48.169,6.834,6.8443,1.00,2.00
2009.03.16 02:56:56.127,6.834,6.8443,1.00,2.00
2009.03.16 02:57:12.044,6.8342,6.8445,1.00,2.00
2009.03.16 02:57:23.591,6.8343,6.8446,1.00,2.00
2009.03.16 02:57:41.027,6.8341,6.8444,1.00,2.00
2009.03.16 02:57:41.266,6.8338,6.8441,1.00,2.00
2009.03.16 02:57:44.646,6.8335,6.8438,1.00,2.00
2009.03.16 02:57:46.415,6.8333,6.8436,1.00,2.00
2009.03.16 02:57:48.485,6.833,6.8433,1.00,2.00
2009.03.16 02:57:48.715,6.8326,6.8431,1.00,2.00
2009.03.16 02:57:52.804,6.833,6.8433,1.00,2.00
2009.03.16 02:57:55.493,6.8327,6.843,1.00,2.00
2009.03.16 02:57:57.673,6.8333,6.8424,1.00,1.40
2009.03.16 02:57:57.792,6.8333,6.8438,1.00,2.00
2009.03.16 02:57:58.202,6.833,6.8435,1.00,2.00
2009.03.16 02:58:07.001,6.8333,6.8436,1.00,2.00
2009.03.16 02:58:12.019,6.8335,6.8438,1.00,2.00
2009.03.16 02:58:13.089,6.8338,6.8441,1.00,2.00
2009.03.16 02:58:14.769,6.8342,6.8434,1.00,1.40
2009.03.16 02:58:15.159,6.8346,6.8434,1.00,1.40
2009.03.16 02:58:15.268,6.8346,6.84495,1.00,1.60
2009.03.16 02:58:15.908,6.8338,6.8443,1.00,2.00
2009.03.16 02:58:16.288,6.8343,6.84475,1.00,1.60
2009.03.16 02:58:17.408,6.8343,6.8448,1.00,2.00
2009.03.16 02:58:17.558,6.8338,6.8441,1.00,2.00
2009.03.16 02:58:18.018,6.8343,6.8448,1.00,2.00
2009.03.16 02:58:19.298,6.8338,6.8441,1.00,2.00
2009.03.16 02:58:23.726,6.8343,6.8448,1.00,2.00
2009.03.16 02:58:36.393,6.8346,6.8449,1.00,2.00
2009.03.16 02:58:40.142,6.8349,6.8452,1.00,2.00
2009.03.16 02:58:41.082,6.8346,6.8449,1.00,2.00
2009.03.16 02:58:43.612,6.8349,6.8452,1.00,2.00
2009.03.16 02:58:45.381,6.8346,6.8449,1.00,2.00
2009.03.16 02:58:54.539,6.8349,6.8452,1.00,2.00
2009.03.16 02:59:02.327,6.8346,6.8449,1.00,2.00
2009.03.16 02:59:09.286,6.8343,6.8448,1.00,2.00
2009.03.16 02:59:10.195,6.8338,6.8447,1.00,2.00
2009.03.16 02:59:11.185,6.8347,6.8452,1.00,2.00
2009.03.16 02:59:11.305,6.8341,6.8448,1.00,2.00
2009.03.16 02:59:16.753,6.8341,6.8444,1.00,2.00
2009.03.16 02:59:17.104,6.8338,6.8442,1.00,2.00
2009.03.16 02:59:17.853,6.8332,6.8441,1.00,2.00
2009.03.16 02:59:26.751,6.8332,6.8437,1.00,2.00
2009.03.16 02:59:33.499,6.833,6.8433,1.00,2.00
2009.03.16 02:59:34.969,6.8327,6.843,1.00,2.00
2009.03.16 02:59:38.268,6.8328,6.8431,1.00,2.00
2009.03.16 02:59:48.256,6.8331,6.8433,1.00,2.00
2009.03.16 02:59:52.565,6.833,6.8433,1.00,2.00
2009.03.16 02:59:59.873,6.8333,6.8436,1.00,2.00
