2018.05.23 19:00:00.677,8.09629,8.09754,1.00,1.00
2018.05.23 19:00:00.992,8.09611,8.09726,1.00,1.00
2018.05.23 19:00:01.044,8.09616,8.09739,1.00,1.00
2018.05.23 19:00:01.721,8.09595,8.09718,1.00,1.00
2018.05.23 19:00:02.237,8.09609,8.09732,1.00,1.00
2018.05.23 19:00:04.391,8.09594,8.09719,1.00,1.00
2018.05.23 19:00:04.541,8.09581,8.09705,1.00,1.00
2018.05.23 19:00:04.593,8.09594,8.09719,1.00,1.00
2018.05.23 19:00:04.695,8.09581,8.09705,1.00,1.00
2018.05.23 19:00:05.202,8.09582,8.09705,1.00,1.00
2018.05.23 19:00:05.980,8.09581,8.09705,1.00,1.00
2018.05.23 19:00:06.184,8.09542,8.09667,1.00,1.00
2018.05.23 19:00:07.104,8.09515,8.09639,1.00,1.00
2018.05.23 19:00:07.577,8.09502,8.09624,1.00,1.00
2018.05.23 19:00:08.160,8.09515,8.09639,1.00,1.00
2018.05.23 19:00:08.524,8.09502,8.09624,1.00,1.00
2018.05.23 19:00:08.678,8.09466,8.09591,1.00,1.00
2018.05.23 19:00:09.173,8.09452,8.09577,1.00,1.00
2018.05.23 19:00:09.865,8.09439,8.09563,1.00,1.00
2018.05.23 19:00:10.175,8.09452,8.09577,1.00,1.00
2018.05.23 19:00:14.751,8.0947,8.09594,1.00,1.00
2018.05.23 19:00:15.162,8.09489,8.09613,1.00,1.00
2018.05.23 19:00:15.477,8.09475,8.09599,1.00,1.00
2018.05.23 19:00:16.100,8.09489,8.09613,1.00,1.00
2018.05.23 19:00:16.426,8.09475,8.09598,1.00,1.00
2018.05.23 19:00:16.861,8.09479,8.09598,1.00,1.00
2018.05.23 19:00:17.864,8.09496,8.09618,1.00,1.00
2018.05.23 19:00:18.118,8.09481,8.09605,1.00,1.00
2018.05.23 19:00:18.574,8.09484,8.09605,1.00,1.00
2018.05.23 19:00:18.880,8.09484,8.0959,1.00,1.00
2018.05.23 19:00:19.525,8.09484,8.09605,1.00,1.00
2018.05.23 19:00:19.755,8.09494,8.09618,1.00,1.00
2018.05.23 19:00:19.808,8.09484,8.09604,1.00,1.00
2018.05.23 19:00:20.258,8.09495,8.09617,1.00,1.00
2018.05.23 19:00:20.578,8.095,8.09617,1.00,1.00
2018.05.23 19:00:20.629,8.09523,8.09647,1.00,1.00
2018.05.23 19:00:21.045,8.09506,8.09629,1.00,1.00
2018.05.23 19:00:21.397,8.09501,8.09609,1.00,1.00
2018.05.23 19:00:22.630,8.09485,8.09609,1.00,1.00
2018.05.23 19:00:22.682,8.09477,8.09595,1.00,1.00
2018.05.23 19:00:22.837,8.09471,8.09595,1.00,1.00
2018.05.23 19:00:23.004,8.09479,8.09595,1.00,1.00
2018.05.23 19:00:23.160,8.09476,8.09595,1.00,1.00
2018.05.23 19:00:23.381,8.09486,8.09608,1.00,1.00
2018.05.23 19:00:23.583,8.09503,8.09622,1.00,1.00
2018.05.23 19:00:24.287,8.09486,8.09608,1.00,1.00
2018.05.23 19:00:24.345,8.09484,8.09595,1.00,1.00
2018.05.23 19:00:24.680,8.09484,8.0958,1.00,1.00
2018.05.23 19:00:25.300,8.09484,8.09566,1.00,1.00
2018.05.23 19:00:26.095,8.09465,8.09566,1.00,1.00
2018.05.23 19:00:26.544,8.09442,8.09566,1.00,1.00
2018.05.23 19:00:26.595,8.09422,8.09544,1.00,1.00
2018.05.23 19:00:27.923,8.09425,8.09544,1.00,1.00
2018.05.23 19:00:28.252,8.09407,8.09531,1.00,1.00
2018.05.23 19:00:28.354,8.09386,8.09511,1.00,1.00
2018.05.23 19:00:28.456,8.09402,8.09527,1.00,1.00
2018.05.23 19:00:28.791,8.09389,8.09513,1.00,1.00
2018.05.23 19:00:29.671,8.09404,8.09527,1.00,1.00
2018.05.23 19:00:30.553,8.09382,8.09507,1.00,1.00
2018.05.23 19:00:31.190,8.09362,8.09486,1.00,1.00
2018.05.23 19:00:31.776,8.09376,8.095,1.00,1.00
2018.05.23 19:00:32.112,8.0939,8.09513,1.00,1.00
2018.05.23 19:00:32.629,8.09376,8.095,1.00,1.00
2018.05.23 19:00:35.110,8.0936,8.09484,1.00,1.00
2018.05.23 19:00:36.005,8.09381,8.09505,1.00,1.00
2018.05.23 19:00:36.344,8.09409,8.09532,1.00,1.00
2018.05.23 19:00:37.366,8.09392,8.09521,1.00,1.00
2018.05.23 19:00:40.715,8.09409,8.09534,1.00,1.00
2018.05.23 19:00:41.095,8.0942,8.09544,1.00,1.00
2018.05.23 19:00:41.944,8.09437,8.09561,1.00,1.00
2018.05.23 19:00:43.237,8.09461,8.09586,1.00,1.00
2018.05.23 19:00:43.341,8.09476,8.09598,1.00,1.00
2018.05.23 19:00:47.728,8.09452,8.09574,1.00,1.00
2018.05.23 19:00:47.829,8.09472,8.09595,1.00,1.00
2018.05.23 19:00:51.543,8.09458,8.09582,1.00,1.00
2018.05.23 19:00:51.708,8.09444,8.09568,1.00,1.00
2018.05.23 19:00:52.911,8.09445,8.09568,1.00,1.00
2018.05.23 19:00:53.155,8.09458,8.09582,1.00,1.00
2018.05.23 19:00:53.207,8.09485,8.0961,1.00,1.00
2018.05.23 19:00:57.823,8.09499,8.09624,1.00,1.00
2018.05.23 19:00:58.149,8.09492,8.09617,1.00,1.00
2018.05.23 19:00:58.824,8.09485,8.09602,1.00,1.00
2018.05.23 19:00:58.966,8.09479,8.09602,1.00,1.00
2018.05.23 19:00:59.121,8.09461,8.09585,1.00,1.00
2018.05.23 19:00:59.620,8.09476,8.09598,1.00,1.00
2018.05.23 19:01:03.913,8.0949,8.09614,1.00,1.00
2018.05.23 19:01:04.016,8.09476,8.096,1.00,1.00
2018.05.23 19:01:05.267,8.09455,8.09579,1.00,1.00
2018.05.23 19:01:05.497,8.0942,8.09545,1.00,1.00
2018.05.23 19:01:05.687,8.09407,8.09531,1.00,1.00
2018.05.23 19:01:06.915,8.09413,8.09531,1.00,1.00
2018.05.23 19:01:11.196,8.09432,8.09531,1.00,1.00
2018.05.23 19:01:11.249,8.09432,8.09552,1.00,1.00
2018.05.23 19:01:12.171,8.09414,8.09537,1.00,1.00
2018.05.23 19:01:13.629,8.09402,8.09522,1.00,1.00
2018.05.23 19:01:20.281,8.09412,8.09536,1.00,1.00
2018.05.23 19:01:20.653,8.09415,8.09536,1.00,1.00
2018.05.23 19:01:26.490,8.09433,8.09536,1.00,1.00
2018.05.23 19:01:26.541,8.09417,8.09536,1.00,1.00
2018.05.23 19:01:26.592,8.09447,8.09572,1.00,1.00
2018.05.23 19:01:26.694,8.09479,8.09601,1.00,1.00
2018.05.23 19:01:31.751,8.09493,8.09601,1.00,1.00
2018.05.23 19:01:38.950,8.09479,8.09601,1.00,1.00
2018.05.23 19:01:39.053,8.09446,8.09571,1.00,1.00
2018.05.23 19:01:39.387,8.0945,8.09571,1.00,1.00
2018.05.23 19:01:50.261,8.09467,8.09592,1.00,1.00
2018.05.23 19:01:52.203,8.09481,8.09605,1.00,1.00
2018.05.23 19:01:56.986,8.09485,8.09605,1.00,1.00
2018.05.23 19:02:01.955,8.09481,8.09605,1.00,1.00
2018.05.23 19:02:02.763,8.09466,8.09579,1.00,1.00
2018.05.23 19:02:02.814,8.09454,8.09579,1.00,1.00
2018.05.23 19:02:03.750,8.09441,8.09564,1.00,1.00
2018.05.23 19:02:04.217,8.09427,8.0955,1.00,1.00
2018.05.23 19:02:05.664,8.09443,8.09567,1.00,1.00
2018.05.23 19:02:06.126,8.0942,8.09542,1.00,1.00
2018.05.23 19:02:06.525,8.09432,8.09557,1.00,1.00
2018.05.23 19:02:07.219,8.09419,8.09543,1.00,1.00
2018.05.23 19:02:11.678,8.09432,8.09557,1.00,1.00
2018.05.23 19:02:11.783,8.09447,8.0957,1.00,1.00
2018.05.23 19:02:14.773,8.0947,8.09595,1.00,1.00
2018.05.23 19:02:17.438,8.0945,8.09574,1.00,1.00
2018.05.23 19:02:18.692,8.09467,8.09591,1.00,1.00
2018.05.23 19:02:21.957,8.09488,8.09612,1.00,1.00
2018.05.23 19:02:22.291,8.09467,8.09591,1.00,1.00
2018.05.23 19:02:29.959,8.09486,8.0961,1.00,1.00
2018.05.23 19:02:33.763,8.09471,8.09596,1.00,1.00
2018.05.23 19:02:45.800,8.09495,8.09619,1.00,1.00
2018.05.23 19:02:48.169,8.09481,8.09606,1.00,1.00
2018.05.23 19:02:49.086,8.09481,8.09602,1.00,1.00
2018.05.23 19:02:49.138,8.09464,8.09588,1.00,1.00
2018.05.23 19:02:50.516,8.09479,8.09603,1.00,1.00
2018.05.23 19:02:52.714,8.0946,8.09585,1.00,1.00
2018.05.23 19:02:54.727,8.09441,8.09566,1.00,1.00
2018.05.23 19:03:05.623,8.09458,8.09569,1.00,1.00
2018.05.23 19:03:07.555,8.09458,8.09574,1.00,1.00
2018.05.23 19:03:07.998,8.09458,8.0957,1.00,1.00
2018.05.23 19:03:09.160,8.09458,8.09574,1.00,1.00
2018.05.23 19:03:10.140,8.09458,8.09575,1.00,1.00
2018.05.23 19:03:13.404,8.09458,8.0958,1.00,1.00
2018.05.23 19:03:13.682,8.09458,8.09577,1.00,1.00
2018.05.23 19:03:13.846,8.09458,8.0958,1.00,1.00
2018.05.23 19:03:15.572,8.09482,8.09591,1.00,1.00
2018.05.23 19:03:19.400,8.09482,8.09607,1.00,1.00
2018.05.23 19:03:19.451,8.09482,8.09603,1.00,1.00
2018.05.23 19:03:19.502,8.09498,8.09623,1.00,1.00
2018.05.23 19:03:20.018,8.09521,8.09643,1.00,1.00
2018.05.23 19:03:20.406,8.09521,8.09622,1.00,1.00
2018.05.23 19:03:32.092,8.09521,8.0964,1.00,1.00
2018.05.23 19:03:32.144,8.09521,8.09643,1.00,1.00
2018.05.23 19:03:32.354,8.09542,8.0965,1.00,1.00
2018.05.23 19:03:32.580,8.09542,8.09667,1.00,1.00
2018.05.23 19:03:32.902,8.09542,8.09657,1.00,1.00
2018.05.23 19:03:34.002,8.09556,8.09657,1.00,1.00
2018.05.23 19:03:34.524,8.0957,8.09694,1.00,1.00
2018.05.23 19:03:34.625,8.09592,8.09714,1.00,1.00
2018.05.23 19:03:35.766,8.09592,8.09696,1.00,1.00
2018.05.23 19:03:37.768,8.09604,8.09706,1.00,1.00
2018.05.23 19:03:37.819,8.09604,8.0972,1.00,1.00
2018.05.23 19:03:37.871,8.09604,8.09716,1.00,1.00
2018.05.23 19:03:37.974,8.09591,8.09713,1.00,1.00
2018.05.23 19:03:38.025,8.09591,8.09696,1.00,1.00
2018.05.23 19:03:38.275,8.09591,8.09715,1.00,1.50
2018.05.23 19:03:38.975,8.09591,8.09709,1.00,1.00
2018.05.23 19:03:39.120,8.09576,8.097,1.00,1.00
2018.05.23 19:03:39.536,8.09576,8.09693,1.00,1.00
2018.05.23 19:03:39.691,8.09576,8.097,1.00,1.00
2018.05.23 19:03:39.907,8.09576,8.09681,1.00,1.00
2018.05.23 19:03:40.328,8.09576,8.09683,1.00,1.00
2018.05.23 19:03:40.379,8.09576,8.09694,1.00,1.00
2018.05.23 19:03:41.030,8.09576,8.09695,1.00,1.00
2018.05.23 19:03:41.083,8.09557,8.09665,1.00,1.00
2018.05.23 19:03:41.134,8.09557,8.09677,1.00,1.00
2018.05.23 19:03:41.185,8.09557,8.09681,1.00,1.00
2018.05.23 19:03:41.237,8.09557,8.09676,1.00,1.00
2018.05.23 19:03:41.288,8.09557,8.09679,1.00,1.00
2018.05.23 19:03:41.799,8.09557,8.09667,1.00,1.00
2018.05.23 19:03:41.966,8.09557,8.09681,1.00,1.00
2018.05.23 19:03:42.068,8.09557,8.09679,1.00,1.00
2018.05.23 19:03:42.119,8.09557,8.09681,1.00,1.00
2018.05.23 19:03:42.170,8.09574,8.09684,1.00,1.00
2018.05.23 19:03:44.571,8.09574,8.09682,1.00,1.00
2018.05.23 19:03:44.623,8.09574,8.09684,1.00,1.00
2018.05.23 19:03:45.839,8.09551,8.09673,1.00,1.00
2018.05.23 19:03:48.229,8.09565,8.0968,1.00,1.50
2018.05.23 19:03:53.024,8.09565,8.09676,1.00,1.00
2018.05.23 19:03:53.126,8.09544,8.09659,1.00,1.00
2018.05.23 19:03:53.227,8.09544,8.09656,1.00,1.00
2018.05.23 19:03:53.336,8.09544,8.09659,1.00,1.00
2018.05.23 19:03:53.387,8.09544,8.09663,1.00,1.00
2018.05.23 19:03:53.817,8.09544,8.09647,1.00,1.00
2018.05.23 19:04:04.621,8.0956,8.09647,1.00,1.00
2018.05.23 19:04:06.697,8.09546,8.09647,1.00,1.00
2018.05.23 19:04:18.324,8.09546,8.0967,1.00,1.00
2018.05.23 19:04:18.531,8.09566,8.09688,1.00,1.00
2018.05.23 19:04:18.968,8.09566,8.09672,1.00,1.00
2018.05.23 19:04:19.375,8.09566,8.09688,1.00,1.00
2018.05.23 19:04:19.426,8.09582,8.09689,1.00,1.00
2018.05.23 19:04:19.895,8.09582,8.09683,1.00,1.00
2018.05.23 19:04:21.018,8.09582,8.09664,1.00,1.00
2018.05.23 19:04:21.069,8.09561,8.09664,1.00,1.00
2018.05.23 19:04:24.119,8.09543,8.09639,1.00,1.00
2018.05.23 19:04:24.289,8.09543,8.09654,1.00,1.00
2018.05.23 19:04:24.522,8.09543,8.0963,1.00,1.00
2018.05.23 19:04:25.637,8.09543,8.0965,1.00,1.00
2018.05.23 19:04:25.740,8.09526,8.09624,1.00,1.00
2018.05.23 19:04:26.047,8.09547,8.09624,1.00,1.00
2018.05.23 19:04:26.267,8.09547,8.09643,1.00,1.00
2018.05.23 19:04:26.865,8.09531,8.09643,1.00,1.00
2018.05.23 19:04:33.717,8.09531,8.09626,1.00,1.00
2018.05.23 19:04:34.236,8.09516,8.09626,1.00,1.00
2018.05.23 19:04:34.697,8.09502,8.09626,1.00,1.50
2018.05.23 19:04:34.905,8.09516,8.09626,1.00,1.00
2018.05.23 19:04:38.408,8.09516,8.0962,1.00,1.00
2018.05.23 19:04:38.461,8.09501,8.09619,1.00,1.00
2018.05.23 19:04:38.564,8.09484,8.09608,1.00,1.00
2018.05.23 19:04:39.072,8.09484,8.09592,1.00,1.00
2018.05.23 19:04:48.661,8.09463,8.09568,1.00,1.00
2018.05.23 19:04:48.919,8.09463,8.09572,1.00,1.00
2018.05.23 19:04:48.976,8.09463,8.09576,1.00,1.00
2018.05.23 19:04:49.102,8.09463,8.09559,1.00,1.00
2018.05.23 19:04:49.947,8.09463,8.09576,1.00,1.00
2018.05.23 19:04:50.049,8.0945,8.09573,1.00,1.00
2018.05.23 19:04:50.320,8.09467,8.09576,1.00,1.00
2018.05.23 19:04:50.694,8.09453,8.09576,1.00,1.00
2018.05.23 19:04:54.443,8.09453,8.09569,1.00,1.00
2018.05.23 19:04:54.494,8.09453,8.09577,1.00,1.00
2018.05.23 19:04:54.546,8.09436,8.09561,1.00,1.00
2018.05.23 19:04:55.183,8.0945,8.09566,1.00,1.00
2018.05.23 19:04:55.370,8.0945,8.09571,1.00,1.00
2018.05.23 19:04:56.223,8.0945,8.09575,1.00,1.00
2018.05.23 19:04:56.478,8.0945,8.09573,1.00,1.00
2018.05.23 19:04:58.814,8.0945,8.09575,1.00,1.00
2018.05.23 19:04:58.866,8.0945,8.09573,1.00,1.00
2018.05.23 19:04:59.462,8.0945,8.09572,1.00,1.00
2018.05.23 19:05:00.219,8.0945,8.09575,1.00,1.00
2018.05.23 19:05:00.269,8.0945,8.09551,1.00,1.00
2018.05.23 19:05:00.320,8.09436,8.09555,1.00,1.00
2018.05.23 19:05:00.371,8.09436,8.09549,1.00,1.00
2018.05.23 19:05:02.336,8.09436,8.09546,1.00,1.00
2018.05.23 19:05:02.389,8.09436,8.09561,1.00,1.00
2018.05.23 19:05:02.440,8.09436,8.09545,1.00,1.00
2018.05.23 19:05:02.543,8.09423,8.09545,1.00,1.00
2018.05.23 19:05:03.014,8.09423,8.09541,1.00,1.00
2018.05.23 19:05:04.579,8.09423,8.09541,1.01,1.00
2018.05.23 19:05:05.336,8.09423,8.09542,1.01,1.00
2018.05.23 19:05:05.633,8.09423,8.09547,1.01,1.00
2018.05.23 19:05:05.735,8.09423,8.09546,1.01,1.00
2018.05.23 19:05:06.461,8.09423,8.09546,1.01,1.00
2018.05.23 19:05:06.977,8.09423,8.09546,1.01,1.00
2018.05.23 19:05:08.993,8.09423,8.09547,1.01,1.00
2018.05.23 19:05:09.306,8.09435,8.09551,1.00,1.00
2018.05.23 19:05:09.507,8.09435,8.09547,1.00,1.00
2018.05.23 19:05:10.362,8.09435,8.09559,1.00,1.00
2018.05.23 19:05:10.414,8.09435,8.09546,1.00,1.00
2018.05.23 19:05:10.790,8.09435,8.09542,1.00,1.00
2018.05.23 19:05:12.019,8.09435,8.09543,1.00,1.00
2018.05.23 19:05:13.044,8.09435,8.09539,1.00,1.00
2018.05.23 19:05:14.283,8.09435,8.09543,1.00,1.00
2018.05.23 19:05:16.718,8.09435,8.09539,1.00,1.00
2018.05.23 19:05:17.246,8.09435,8.09547,1.00,1.00
2018.05.23 19:05:17.297,8.09435,8.09553,1.00,1.00
2018.05.23 19:05:17.349,8.09435,8.09549,1.00,1.00
2018.05.23 19:05:17.697,8.09435,8.09546,1.00,1.00
2018.05.23 19:05:18.023,8.0945,8.09558,1.00,1.00
2018.05.23 19:05:18.633,8.0945,8.09569,1.00,1.00
2018.05.23 19:05:18.782,8.0945,8.09566,1.00,1.50
2018.05.23 19:05:19.138,8.0945,8.09561,1.00,1.00
2018.05.23 19:05:19.543,8.0945,8.09558,1.00,1.00
2018.05.23 19:05:19.872,8.0945,8.09563,1.00,1.00
2018.05.23 19:05:20.211,8.0945,8.09556,1.00,1.00
2018.05.23 19:05:20.262,8.09436,8.09551,1.00,1.00
2018.05.23 19:05:20.517,8.09436,8.09554,1.00,1.00
2018.05.23 19:05:20.647,8.0945,8.09562,1.00,1.00
2018.05.23 19:05:21.392,8.0945,8.09554,1.00,1.00
2018.05.23 19:05:22.013,8.0945,8.09558,1.00,1.00
2018.05.23 19:05:22.386,8.0945,8.09554,1.00,1.00
2018.05.23 19:05:22.680,8.09427,8.09544,1.00,1.00
2018.05.23 19:05:23.467,8.09427,8.09539,1.00,1.00
2018.05.23 19:05:23.533,8.09427,8.09542,1.00,1.00
2018.05.23 19:05:23.994,8.09427,8.09539,1.00,1.00
2018.05.23 19:05:25.140,8.09427,8.0954,1.00,1.00
2018.05.23 19:05:26.584,8.09451,8.09549,1.00,1.00
2018.05.23 19:05:26.802,8.09451,8.09568,1.00,1.00
2018.05.23 19:05:26.854,8.09451,8.09546,1.00,1.00
2018.05.23 19:05:32.075,8.09464,8.09546,1.00,1.00
2018.05.23 19:05:32.280,8.09464,8.09572,1.00,1.00
2018.05.23 19:05:34.573,8.09464,8.09589,1.00,1.00
2018.05.23 19:05:34.677,8.09479,8.09603,1.00,1.00
2018.05.23 19:05:35.030,8.09479,8.09586,1.00,1.00
2018.05.23 19:05:35.435,8.09466,8.09586,1.00,1.00
2018.05.23 19:05:35.638,8.09482,8.09586,1.00,1.00
2018.05.23 19:05:38.021,8.09482,8.09565,1.00,1.00
2018.05.23 19:05:38.073,8.09482,8.09577,1.00,1.00
2018.05.23 19:05:38.125,8.09452,8.09562,1.00,1.00
2018.05.23 19:05:38.228,8.09466,8.09562,1.00,1.00
2018.05.23 19:05:41.984,8.09466,8.09581,1.00,1.00
2018.05.23 19:05:42.634,8.09466,8.0956,1.00,1.00
2018.05.23 19:05:44.829,8.09466,8.09585,1.00,1.00
2018.05.23 19:05:44.931,8.09466,8.09588,1.00,1.00
2018.05.23 19:05:44.981,8.09478,8.09598,1.00,1.00
2018.05.23 19:05:45.414,8.09478,8.09603,1.00,1.00
2018.05.23 19:05:45.529,8.09478,8.09601,1.00,1.00
2018.05.23 19:05:46.384,8.09493,8.09601,1.00,1.00
2018.05.23 19:05:46.486,8.09473,8.09588,1.00,1.00
2018.05.23 19:05:46.945,8.09473,8.09597,1.00,1.00
2018.05.23 19:05:47.418,8.09473,8.09595,1.00,1.00
2018.05.23 19:05:47.469,8.09473,8.09597,1.00,1.00
2018.05.23 19:05:48.108,8.0949,8.09601,1.00,1.00
2018.05.23 19:05:50.614,8.09474,8.09598,1.00,1.00
2018.05.23 19:05:51.514,8.09474,8.09597,1.00,1.00
2018.05.23 19:05:54.329,8.09474,8.09598,1.00,1.00
2018.05.23 19:05:54.855,8.09494,8.09601,1.00,1.00
2018.05.23 19:05:56.136,8.09494,8.09599,1.00,1.00
2018.05.23 19:05:56.189,8.09494,8.09601,1.00,1.00
2018.05.23 19:05:56.291,8.09477,8.09601,1.00,2.25
2018.05.23 19:05:56.524,8.09477,8.09596,1.00,1.00
2018.05.23 19:05:57.019,8.09477,8.096,1.00,1.00
2018.05.23 19:05:58.075,8.09477,8.09589,1.00,1.00
2018.05.23 19:05:58.335,8.09477,8.09601,1.00,1.00
2018.05.23 19:05:58.439,8.09477,8.09585,1.00,1.00
2018.05.23 19:05:58.740,8.095,8.09607,1.00,1.00
2018.05.23 19:06:01.975,8.09486,8.09607,1.00,1.00
2018.05.23 19:06:02.168,8.09499,8.09607,1.00,1.00
2018.05.23 19:06:04.026,8.09486,8.09599,1.00,1.00
2018.05.23 19:06:06.826,8.09486,8.09607,1.00,1.00
2018.05.23 19:06:06.877,8.09486,8.09605,1.00,1.00
2018.05.23 19:06:07.324,8.09486,8.09599,1.00,1.00
2018.05.23 19:06:08.147,8.09486,8.09601,1.00,1.00
2018.05.23 19:06:08.198,8.09486,8.09605,1.00,1.00
2018.05.23 19:06:08.249,8.09472,8.09594,1.00,1.00
2018.05.23 19:06:10.192,8.09472,8.09587,1.00,1.00
2018.05.23 19:06:18.183,8.09502,8.09619,1.00,1.00
2018.05.23 19:06:18.233,8.09502,8.09608,1.00,1.00
2018.05.23 19:06:18.284,8.09502,8.09623,1.00,1.00
2018.05.23 19:06:18.335,8.09502,8.0962,1.00,1.00
2018.05.23 19:06:18.647,8.09502,8.09606,1.00,1.00
2018.05.23 19:06:23.127,8.09502,8.09625,1.00,1.00
2018.05.23 19:06:23.418,8.09515,8.0964,1.00,1.00
2018.05.23 19:06:23.470,8.09515,8.09628,1.00,1.00
2018.05.23 19:06:23.574,8.09515,8.09639,1.00,1.00
2018.05.23 19:06:23.626,8.09515,8.09635,1.00,1.00
2018.05.23 19:06:26.778,8.09515,8.09633,1.00,1.00
2018.05.23 19:06:26.888,8.09515,8.09635,1.00,1.00
2018.05.23 19:06:27.094,8.095,8.09625,1.00,1.00
2018.05.23 19:06:27.746,8.09531,8.09635,1.00,1.00
2018.05.23 19:06:31.476,8.09531,8.09636,1.00,1.00
2018.05.23 19:06:32.220,8.09531,8.09618,1.00,1.00
2018.05.23 19:06:32.826,8.09513,8.09618,1.00,1.00
2018.05.23 19:06:35.075,8.09513,8.09628,1.00,1.00
2018.05.23 19:06:35.177,8.09513,8.09619,1.00,1.00
2018.05.23 19:06:35.279,8.09513,8.09628,1.00,1.50
2018.05.23 19:06:35.415,8.09513,8.09608,1.00,1.00
2018.05.23 19:06:37.901,8.09489,8.09608,1.00,1.00
2018.05.23 19:06:38.107,8.09489,8.09605,1.00,1.00
2018.05.23 19:06:38.717,8.09489,8.09604,1.00,1.00
2018.05.23 19:06:38.768,8.09489,8.09608,1.00,1.00
2018.05.23 19:06:38.973,8.09489,8.09606,1.00,1.00
2018.05.23 19:06:39.877,8.09489,8.09605,1.00,1.00
2018.05.23 19:06:39.929,8.09489,8.09608,1.00,1.00
2018.05.23 19:06:41.472,8.09489,8.09607,1.00,1.00
2018.05.23 19:06:42.019,8.09489,8.09606,1.00,1.00
2018.05.23 19:06:42.484,8.09489,8.096,1.00,1.00
2018.05.23 19:06:42.640,8.09469,8.09586,1.00,1.00
2018.05.23 19:06:42.692,8.09469,8.09593,1.00,1.00
2018.05.23 19:06:42.744,8.09448,8.09573,1.00,1.00
2018.05.23 19:06:43.524,8.09448,8.09564,1.00,1.00
2018.05.23 19:06:44.462,8.09467,8.09564,1.00,1.00
2018.05.23 19:06:46.450,8.09467,8.09583,1.00,1.00
2018.05.23 19:06:49.850,8.09454,8.09576,1.00,1.00
2018.05.23 19:06:52.367,8.09467,8.09583,1.00,1.00
2018.05.23 19:06:53.406,8.09487,8.09609,1.00,1.00
2018.05.23 19:06:55.682,8.09487,8.09604,1.00,1.00
2018.05.23 19:06:55.988,8.09487,8.09602,1.00,1.00
2018.05.23 19:07:00.003,8.09465,8.09589,1.00,1.00
2018.05.23 19:07:01.948,8.09465,8.09581,1.00,1.00
2018.05.23 19:07:02.000,8.09465,8.09584,1.00,1.00
2018.05.23 19:07:02.503,8.09465,8.09575,1.00,1.00
2018.05.23 19:07:04.652,8.09447,8.09572,1.00,1.00
2018.05.23 19:07:04.704,8.09447,8.09569,1.00,1.00
2018.05.23 19:07:04.953,8.09447,8.09571,1.00,1.00
2018.05.23 19:07:05.618,8.09447,8.09572,1.00,1.50
2018.05.23 19:07:11.499,8.09447,8.09566,1.00,1.00
2018.05.23 19:07:11.812,8.09447,8.09551,1.00,1.00
2018.05.23 19:07:12.067,8.09424,8.09548,1.00,1.00
2018.05.23 19:07:12.480,8.09446,8.09556,1.00,1.00
2018.05.23 19:07:12.555,8.09432,8.09555,1.00,1.00
2018.05.23 19:07:17.793,8.09454,8.09556,1.00,1.00
2018.05.23 19:07:18.380,8.09454,8.09571,1.00,1.00
2018.05.23 19:07:18.788,8.09469,8.09571,1.00,1.00
2018.05.23 19:07:19.103,8.09477,8.09571,1.00,1.00
2018.05.23 19:07:25.437,8.09477,8.09602,1.00,1.00
2018.05.23 19:07:26.664,8.09477,8.09607,1.00,2.25
2018.05.23 19:07:28.985,8.09501,8.09607,1.00,1.00
2018.05.23 19:07:29.390,8.09519,8.09607,1.00,1.00
2018.05.23 19:07:31.348,8.09504,8.09607,1.00,1.00
2018.05.23 19:07:33.761,8.09489,8.09607,1.00,1.00
2018.05.23 19:07:37.848,8.09507,8.09607,1.00,1.00
2018.05.23 19:07:42.629,8.09507,8.09631,1.00,1.00
2018.05.23 19:07:42.731,8.09529,8.09628,1.00,1.00
2018.05.23 19:07:42.935,8.09505,8.09609,1.00,1.00
2018.05.23 19:07:45.448,8.09505,8.09607,1.00,1.00
2018.05.23 19:07:45.499,8.09481,8.0959,1.00,1.00
2018.05.23 19:07:45.550,8.09481,8.09606,1.00,1.00
2018.05.23 19:07:50.598,8.09503,8.09611,1.00,1.00
2018.05.23 19:07:51.082,8.09489,8.09609,1.00,1.00
2018.05.23 19:07:51.287,8.09503,8.09611,1.00,1.00
2018.05.23 19:07:53.646,8.09503,8.09607,1.00,1.00
2018.05.23 19:07:53.777,8.09458,8.09568,1.00,1.00
2018.05.23 19:07:53.829,8.09424,8.09548,1.00,1.00
2018.05.23 19:07:54.034,8.09444,8.09567,1.00,1.00
2018.05.23 19:07:54.554,8.09444,8.09568,1.00,1.00
2018.05.23 19:07:54.859,8.09463,8.09577,1.00,1.00
2018.05.23 19:07:55.498,8.09463,8.09574,1.00,1.00
2018.05.23 19:08:03.025,8.09463,8.09588,1.00,1.00
2018.05.23 19:08:04.395,8.09463,8.09584,1.00,1.00
2018.05.23 19:08:09.305,8.09463,8.09583,1.00,1.00
2018.05.23 19:08:09.600,8.09426,8.0955,1.00,1.00
2018.05.23 19:08:17.674,8.09441,8.09558,1.00,1.00
2018.05.23 19:08:17.725,8.09441,8.09566,1.00,1.00
2018.05.23 19:08:17.777,8.09455,8.0958,1.00,1.00
2018.05.23 19:08:18.716,8.09455,8.09579,1.00,1.00
2018.05.23 19:08:21.759,8.09455,8.09566,1.00,1.00
2018.05.23 19:08:21.935,8.09442,8.09558,1.00,1.00
2018.05.23 19:08:21.986,8.09442,8.09555,1.00,1.00
2018.05.23 19:08:24.475,8.09421,8.09545,1.00,1.00
2018.05.23 19:08:27.641,8.09421,8.09534,1.00,1.00
2018.05.23 19:08:38.463,8.09397,8.09521,1.00,1.00
2018.05.23 19:08:39.446,8.09397,8.09513,1.00,1.00
2018.05.23 19:08:39.549,8.09397,8.09521,1.00,1.00
2018.05.23 19:08:39.755,8.09397,8.09512,1.00,1.00
2018.05.23 19:08:48.095,8.09397,8.09521,1.00,1.00
2018.05.23 19:08:48.298,8.09411,8.09528,1.00,1.00
2018.05.23 19:08:48.500,8.09396,8.09521,1.00,1.00
2018.05.23 19:08:50.153,8.09396,8.09507,1.00,1.00
2018.05.23 19:08:50.258,8.09364,8.09488,1.00,1.00
2018.05.23 19:08:50.310,8.09385,8.09507,1.00,1.00
2018.05.23 19:08:50.414,8.09368,8.09492,1.00,1.00
2018.05.23 19:08:50.617,8.09368,8.09488,1.00,1.00
2018.05.23 19:08:50.721,8.09344,8.09467,1.00,1.00
2018.05.23 19:08:50.824,8.09358,8.0948,1.00,1.00
2018.05.23 19:08:50.928,8.09371,8.09495,1.00,1.00
2018.05.23 19:08:52.372,8.09353,8.09477,1.00,1.00
2018.05.23 19:08:55.662,8.09371,8.09496,1.00,1.00
2018.05.23 19:08:55.714,8.09385,8.09509,1.00,1.00
2018.05.23 19:08:56.192,8.09367,8.09489,1.00,1.00
2018.05.23 19:08:57.430,8.0937,8.09489,1.00,1.00
2018.05.23 19:08:57.482,8.0939,8.09515,1.00,1.00
2018.05.23 19:09:00.459,8.09376,8.09501,1.00,1.00
2018.05.23 19:09:08.021,8.09376,8.095,1.00,1.00
2018.05.23 19:09:08.406,8.09356,8.0948,1.00,1.00
2018.05.23 19:09:17.611,8.09338,8.09461,1.00,1.00
2018.05.23 19:09:17.764,8.09318,8.09442,1.00,1.00
2018.05.23 19:09:27.404,8.09304,8.09428,1.00,1.00
2018.05.23 19:09:32.112,8.09353,8.09458,1.00,1.00
2018.05.23 19:09:32.258,8.09353,8.09476,1.00,1.00
2018.05.23 19:09:32.412,8.09333,8.09458,1.00,1.00
2018.05.23 19:09:40.395,8.09358,8.0948,1.00,1.00
2018.05.23 19:09:46.512,8.09358,8.09473,1.00,1.00
2018.05.23 19:09:46.840,8.09334,8.09457,1.00,1.00
2018.05.23 19:09:47.405,8.09354,8.09467,1.00,1.00
2018.05.23 19:09:49.775,8.09334,8.09457,1.00,1.00
2018.05.23 19:09:52.651,8.09315,8.09439,1.00,1.00
2018.05.23 19:09:52.824,8.09331,8.09456,1.00,1.00
2018.05.23 19:09:56.875,8.09311,8.09435,1.00,1.00
2018.05.23 19:10:01.273,8.09287,8.09412,1.00,1.00
2018.05.23 19:10:01.775,8.09302,8.09425,1.00,1.00
2018.05.23 19:10:02.227,8.09282,8.09404,1.00,1.00
2018.05.23 19:10:02.876,8.09299,8.09424,1.00,1.50
2018.05.23 19:10:03.023,8.09313,8.09424,1.00,1.00
2018.05.23 19:10:03.240,8.093,8.09422,1.00,1.00
2018.05.23 19:10:11.934,8.0933,8.09452,1.00,1.00
2018.05.23 19:10:12.265,8.09358,8.0948,1.00,1.00
2018.05.23 19:10:12.575,8.09358,8.09473,1.00,1.00
2018.05.23 19:10:13.168,8.09358,8.0948,1.00,1.00
2018.05.23 19:10:14.697,8.09375,8.09499,1.00,1.00
2018.05.23 19:10:21.648,8.09378,8.09502,1.00,1.00
2018.05.23 19:10:21.975,8.09364,8.09489,1.00,1.00
2018.05.23 19:10:23.924,8.0935,8.09475,1.00,1.00
2018.05.23 19:10:24.289,8.09364,8.09481,1.00,1.00
2018.05.23 19:10:24.819,8.09364,8.09482,1.00,1.00
2018.05.23 19:10:24.871,8.09349,8.09473,1.00,1.00
2018.05.23 19:10:25.863,8.0937,8.09482,1.00,1.00
2018.05.23 19:10:26.082,8.0937,8.09493,1.00,1.00
2018.05.23 19:10:27.334,8.09407,8.09532,1.00,1.00
2018.05.23 19:10:27.441,8.09423,8.09548,1.00,1.00
2018.05.23 19:10:27.776,8.09437,8.09561,1.00,1.00
2018.05.23 19:10:28.953,8.09441,8.09561,1.00,1.00
2018.05.23 19:10:29.005,8.09482,8.09606,1.00,1.00
2018.05.23 19:10:30.372,8.09499,8.09624,1.00,1.00
2018.05.23 19:10:30.712,8.09523,8.09647,1.00,1.00
2018.05.23 19:10:31.018,8.09495,8.09619,1.00,1.00
2018.05.23 19:10:33.150,8.09518,8.09642,1.00,1.00
2018.05.23 19:10:34.490,8.09531,8.09656,1.00,1.00
2018.05.23 19:10:34.594,8.09553,8.09676,1.00,1.00
2018.05.23 19:10:35.877,8.0957,8.09693,1.00,1.00
2018.05.23 19:10:36.189,8.09556,8.09678,1.00,1.00
2018.05.23 19:10:37.353,8.09577,8.09699,1.00,1.00
2018.05.23 19:10:37.799,8.09589,8.09714,1.00,1.00
2018.05.23 19:10:42.835,8.09574,8.09696,1.00,1.00
2018.05.23 19:10:43.035,8.09611,8.09735,1.00,1.00
2018.05.23 19:10:43.947,8.09596,8.09719,1.00,1.00
2018.05.23 19:10:44.130,8.09616,8.09741,1.00,1.00
2018.05.23 19:10:44.609,8.09662,8.09785,1.00,1.00
2018.05.23 19:10:45.247,8.09647,8.09772,1.00,1.00
2018.05.23 19:10:51.113,8.09647,8.09768,1.00,1.00
2018.05.23 19:10:51.164,8.09631,8.09756,1.00,1.00
2018.05.23 19:10:54.432,8.09611,8.09736,1.00,1.00
2018.05.23 19:10:54.740,8.09598,8.09722,1.00,1.00
2018.05.23 19:10:55.049,8.09613,8.09735,1.00,1.00
2018.05.23 19:10:55.272,8.09626,8.09749,1.00,1.00
2018.05.23 19:10:55.481,8.0965,8.09772,1.00,1.00
2018.05.23 19:10:57.483,8.0965,8.09771,1.00,1.00
2018.05.23 19:10:57.534,8.09628,8.09753,1.00,1.00
2018.05.23 19:10:57.997,8.09628,8.09749,1.00,1.00
2018.05.23 19:10:58.098,8.09605,8.09727,1.00,1.00
2018.05.23 19:10:58.238,8.09618,8.09742,1.00,1.00
2018.05.23 19:10:58.441,8.09632,8.09748,1.00,1.00
2018.05.23 19:10:58.543,8.09632,8.09757,1.00,1.00
2018.05.23 19:10:59.708,8.09632,8.09753,1.00,1.00
2018.05.23 19:10:59.760,8.09611,8.09736,1.00,1.00
2018.05.23 19:11:00.660,8.09598,8.09716,1.00,1.00
2018.05.23 19:11:00.711,8.09576,8.09701,1.00,1.00
2018.05.23 19:11:01.776,8.09594,8.09717,1.00,1.00
2018.05.23 19:11:02.298,8.09594,8.09715,1.00,1.00
2018.05.23 19:11:02.991,8.09594,8.09717,1.00,1.00
2018.05.23 19:11:08.151,8.09594,8.09703,1.00,1.00
2018.05.23 19:11:09.827,8.09575,8.09698,1.00,1.00
2018.05.23 19:11:10.030,8.09549,8.09673,1.00,1.00
2018.05.23 19:11:15.935,8.0957,8.09692,1.00,1.00
2018.05.23 19:11:20.367,8.09546,8.09671,1.00,1.00
2018.05.23 19:11:20.957,8.0957,8.09695,1.00,1.00
2018.05.23 19:11:21.275,8.09557,8.09681,1.00,1.00
2018.05.23 19:11:25.538,8.09543,8.09667,1.00,1.00
2018.05.23 19:11:28.268,8.09563,8.09688,1.00,1.00
2018.05.23 19:11:28.526,8.09578,8.09703,1.00,1.00
2018.05.23 19:11:31.867,8.09601,8.09725,1.00,1.00
2018.05.23 19:11:31.970,8.09628,8.09753,1.00,1.00
2018.05.23 19:11:32.176,8.09646,8.0977,1.00,1.00
2018.05.23 19:11:33.103,8.09632,8.09756,1.00,1.00
2018.05.23 19:11:33.431,8.09615,8.09739,1.00,1.00
2018.05.23 19:11:35.166,8.09633,8.09757,1.00,1.00
2018.05.23 19:11:39.478,8.09615,8.09737,1.00,1.00
2018.05.23 19:11:39.993,8.09634,8.09759,1.00,1.00
2018.05.23 19:11:45.807,8.09652,8.09776,1.00,1.00
2018.05.23 19:11:48.990,8.09667,8.09791,1.00,1.00
2018.05.23 19:11:50.292,8.0968,8.09805,1.00,1.00
2018.05.23 19:11:52.662,8.0968,8.09803,1.00,1.00
2018.05.23 19:11:53.018,8.0968,8.09805,1.00,1.00
2018.05.23 19:11:56.169,8.09695,8.09819,1.00,1.00
2018.05.23 19:11:58.471,8.09675,8.09799,1.00,1.00
2018.05.23 19:12:00.043,8.09674,8.09799,1.00,1.00
2018.05.23 19:12:02.957,8.09661,8.09785,1.00,1.00
2018.05.23 19:12:06.104,8.09661,8.09784,1.00,1.00
2018.05.23 19:12:06.321,8.09646,8.09771,1.00,1.00
2018.05.23 19:12:06.853,8.09679,8.09799,1.00,1.00
2018.05.23 19:12:08.111,8.09652,8.09776,1.00,1.00
2018.05.23 19:12:08.455,8.09638,8.09763,1.00,1.00
2018.05.23 19:12:10.294,8.09652,8.09776,1.00,1.00
2018.05.23 19:12:14.339,8.09635,8.0976,1.00,1.00
2018.05.23 19:12:15.770,8.09622,8.09746,1.00,1.00
2018.05.23 19:12:16.115,8.09638,8.0976,1.00,1.50
2018.05.23 19:12:16.166,8.09609,8.09734,1.00,1.00
2018.05.23 19:12:18.563,8.09624,8.09739,1.00,1.00
2018.05.23 19:12:24.443,8.09624,8.09747,1.00,1.00
2018.05.23 19:12:31.372,8.09641,8.09765,1.00,1.00
2018.05.23 19:12:31.475,8.09654,8.09779,1.00,1.00
2018.05.23 19:12:46.592,8.09657,8.0978,1.00,1.00
2018.05.23 19:12:57.411,8.09675,8.098,1.00,1.00
2018.05.23 19:12:57.714,8.09689,8.09814,1.00,1.00
2018.05.23 19:12:58.052,8.09703,8.09827,1.00,1.00
2018.05.23 19:12:59.477,8.09685,8.09809,1.00,1.00
2018.05.23 19:13:02.967,8.09699,8.09824,1.00,1.00
2018.05.23 19:13:05.647,8.09681,8.09806,1.00,1.00
2018.05.23 19:13:09.892,8.09696,8.09819,1.00,1.00
2018.05.23 19:13:20.498,8.09681,8.09806,1.00,1.00
2018.05.23 19:13:25.368,8.09696,8.09809,1.00,1.00
2018.05.23 19:13:26.465,8.09678,8.098,1.00,1.00
2018.05.23 19:13:31.052,8.09663,8.09788,1.00,1.00
2018.05.23 19:13:31.208,8.0968,8.09805,1.00,1.00
2018.05.23 19:13:36.530,8.09661,8.09786,1.00,1.00
2018.05.23 19:13:37.900,8.09639,8.09764,1.00,1.00
2018.05.23 19:13:38.333,8.09653,8.09778,1.00,1.00
2018.05.23 19:13:39.547,8.09653,8.09773,1.00,1.00
2018.05.23 19:13:40.042,8.09639,8.09764,1.00,1.00
2018.05.23 19:13:41.428,8.09626,8.0975,1.00,1.00
2018.05.23 19:13:49.330,8.09678,8.09802,1.00,1.00
2018.05.23 19:13:49.636,8.09673,8.09798,1.00,1.00
2018.05.23 19:13:53.459,8.09691,8.09813,1.00,1.00
2018.05.23 19:14:00.710,8.09674,8.09796,1.00,1.00
2018.05.23 19:14:01.262,8.09688,8.0981,1.00,1.00
2018.05.23 19:14:07.096,8.09701,8.09824,1.00,1.00
2018.05.23 19:14:10.596,8.09683,8.09808,1.00,1.00
2018.05.23 19:14:26.531,8.09691,8.09815,1.00,1.00
2018.05.23 19:14:26.845,8.09677,8.09801,1.00,1.00
2018.05.23 19:14:27.158,8.09692,8.09816,1.00,1.50
2018.05.23 19:14:29.028,8.09659,8.09783,1.00,1.00
2018.05.23 19:14:29.751,8.09674,8.09796,1.00,1.00
2018.05.23 19:14:30.830,8.09686,8.09811,1.00,1.00
2018.05.23 19:14:32.692,8.09673,8.09797,1.00,1.00
2018.05.23 19:14:33.820,8.09659,8.09783,1.00,1.00
2018.05.23 19:14:33.976,8.097,8.09825,1.00,1.00
2018.05.23 19:14:35.580,8.09723,8.09847,1.00,1.00
2018.05.23 19:14:35.988,8.09708,8.09832,1.00,1.00
2018.05.23 19:14:36.932,8.09687,8.09811,1.00,1.00
2018.05.23 19:14:37.261,8.09701,8.09825,1.00,1.00
2018.05.23 19:14:42.426,8.09687,8.09811,1.00,1.00
2018.05.23 19:15:00.132,8.0967,8.09793,1.00,1.00
2018.05.23 19:15:01.868,8.09687,8.09811,1.00,1.00
2018.05.23 19:15:07.919,8.097,8.09822,1.00,1.00
2018.05.23 19:15:07.970,8.097,8.09825,1.00,1.00
2018.05.23 19:15:08.775,8.09684,8.09807,1.00,1.00
2018.05.23 19:15:16.872,8.09668,8.09793,1.00,1.00
2018.05.23 19:15:20.345,8.09655,8.09778,1.00,1.00
2018.05.23 19:15:23.353,8.09655,8.0977,1.00,1.00
2018.05.23 19:15:23.406,8.09655,8.09778,1.00,1.00
2018.05.23 19:15:23.537,8.09641,8.09765,1.00,1.00
2018.05.23 19:15:27.595,8.09641,8.09758,1.00,1.00
2018.05.23 19:15:27.750,8.09596,8.09721,1.00,1.00
2018.05.23 19:15:32.224,8.0961,8.09735,1.00,1.00
2018.05.23 19:15:32.539,8.09632,8.09756,1.00,1.00
2018.05.23 19:15:34.347,8.09614,8.09738,1.00,1.00
2018.05.23 19:15:34.739,8.09582,8.09706,1.00,1.00
2018.05.23 19:15:35.049,8.09549,8.09673,1.00,1.00
2018.05.23 19:15:35.472,8.09563,8.09687,1.00,1.00
2018.05.23 19:15:35.823,8.0955,8.09672,1.00,1.00
2018.05.23 19:15:36.134,8.0957,8.09694,1.00,1.00
2018.05.23 19:15:36.201,8.0957,8.09688,1.00,1.00
2018.05.23 19:15:36.252,8.0957,8.09694,1.00,1.00
2018.05.23 19:15:37.606,8.09584,8.09707,1.00,1.00
2018.05.23 19:15:38.078,8.09618,8.09743,1.00,1.00
2018.05.23 19:15:38.233,8.0964,8.09762,1.00,1.00
2018.05.23 19:15:42.048,8.09663,8.09788,1.00,1.00
2018.05.23 19:15:48.719,8.09643,8.09766,1.00,1.00
2018.05.23 19:15:49.351,8.09656,8.09781,1.00,1.00
2018.05.23 19:15:49.715,8.09688,8.09812,1.00,1.50
2018.05.23 19:15:54.774,8.09669,8.09792,1.00,1.00
2018.05.23 19:15:56.908,8.09682,8.09807,1.00,1.00
2018.05.23 19:15:58.530,8.09696,8.09821,1.00,1.00
2018.05.23 19:16:03.208,8.09679,8.09803,1.00,1.00
2018.05.23 19:16:15.800,8.09679,8.09802,1.00,1.00
2018.05.23 19:16:15.980,8.09653,8.09777,1.00,1.00
2018.05.23 19:16:16.274,8.09639,8.09763,1.00,1.00
2018.05.23 19:16:16.605,8.09626,8.09749,1.00,1.00
2018.05.23 19:16:16.864,8.09646,8.0977,1.00,1.00
2018.05.23 19:16:16.967,8.09632,8.09757,1.00,1.00
2018.05.23 19:16:17.961,8.09653,8.09777,1.00,1.50
2018.05.23 19:16:19.730,8.09653,8.09768,1.00,1.00
2018.05.23 19:16:19.782,8.09639,8.09763,1.00,1.00
2018.05.23 19:16:19.886,8.09625,8.0975,1.00,1.00
2018.05.23 19:16:20.753,8.09625,8.09746,1.00,1.00
2018.05.23 19:16:21.973,8.09625,8.0975,1.00,1.00
2018.05.23 19:16:22.075,8.09653,8.09762,1.00,1.00
2018.05.23 19:16:22.323,8.09653,8.09777,1.00,1.00
2018.05.23 19:16:22.531,8.09653,8.09769,1.00,1.00
2018.05.23 19:16:25.327,8.09632,8.09752,1.00,1.00
2018.05.23 19:16:30.045,8.09653,8.0977,1.00,1.00
2018.05.23 19:16:32.938,8.09653,8.09777,1.00,1.00
2018.05.23 19:16:32.990,8.09678,8.09802,1.00,1.00
2018.05.23 19:16:33.480,8.09695,8.0982,1.00,1.00
2018.05.23 19:16:34.483,8.09695,8.09815,1.00,1.00
2018.05.23 19:16:34.976,8.09682,8.09806,1.00,1.00
2018.05.23 19:16:36.085,8.09668,8.09792,1.00,1.00
2018.05.23 19:16:36.672,8.09652,8.0977,1.00,1.00
2018.05.23 19:16:43.425,8.09631,8.09756,1.00,1.00
2018.05.23 19:16:43.477,8.09631,8.09749,1.00,1.00
2018.05.23 19:16:43.530,8.09617,8.09742,1.00,1.00
2018.05.23 19:16:43.941,8.09638,8.09749,1.00,1.00
2018.05.23 19:16:44.301,8.09652,8.09749,1.00,1.00
2018.05.23 19:16:45.029,8.09652,8.09775,1.00,1.00
2018.05.23 19:16:46.526,8.09635,8.09759,1.00,1.00
2018.05.23 19:16:46.668,8.09621,8.09745,1.00,1.00
2018.05.23 19:16:47.402,8.09649,8.09773,1.00,1.00
2018.05.23 19:16:47.960,8.09662,8.09787,1.00,1.00
2018.05.23 19:16:48.062,8.09649,8.09773,1.00,1.00
2018.05.23 19:16:48.594,8.09636,8.09758,1.00,1.00
2018.05.23 19:16:51.287,8.09649,8.09773,1.00,1.00
2018.05.23 19:16:51.391,8.09669,8.09794,1.00,1.00
2018.05.23 19:16:51.443,8.09669,8.0979,1.00,1.00
2018.05.23 19:16:51.495,8.09669,8.09793,1.00,1.00
2018.05.23 19:16:51.547,8.09636,8.09758,1.00,1.00
2018.05.23 19:16:52.282,8.09649,8.09773,1.00,1.00
2018.05.23 19:16:53.803,8.09663,8.09788,1.00,1.00
2018.05.23 19:16:54.073,8.0967,8.09802,1.00,1.00
2018.05.23 19:16:54.331,8.0966,8.09784,1.00,1.00
2018.05.23 19:17:00.015,8.09639,8.09771,1.00,1.00
2018.05.23 19:17:00.226,8.09656,8.09781,1.00,1.00
2018.05.23 19:17:00.787,8.0967,8.09795,1.00,1.00
2018.05.23 19:17:03.184,8.09613,8.09735,1.00,1.00
2018.05.23 19:17:04.401,8.09595,8.09719,1.00,1.00
2018.05.23 19:17:08.588,8.0961,8.09732,1.00,1.00
2018.05.23 19:17:08.943,8.09582,8.09705,1.00,1.00
2018.05.23 19:17:09.047,8.09595,8.09719,1.00,1.00
2018.05.23 19:17:09.200,8.09574,8.09699,1.00,1.00
2018.05.23 19:17:11.985,8.09589,8.09712,1.00,1.00
2018.05.23 19:17:12.240,8.09567,8.09692,1.00,1.00
2018.05.23 19:17:14.526,8.09551,8.09675,1.00,1.00
2018.05.23 19:17:14.996,8.0953,8.09654,1.00,1.00
2018.05.23 19:17:15.350,8.09572,8.09696,1.00,1.00
2018.05.23 19:17:29.804,8.09585,8.0971,1.00,1.00
2018.05.23 19:17:33.420,8.09599,8.09724,1.00,1.00
2018.05.23 19:17:40.221,8.09572,8.09696,1.00,1.00
2018.05.23 19:17:43.381,8.09599,8.09724,1.00,1.00
2018.05.23 19:17:49.789,8.09586,8.09709,1.00,1.00
2018.05.23 19:17:51.298,8.09586,8.09708,1.00,1.00
2018.05.23 19:17:52.142,8.09573,8.09695,1.00,1.00
2018.05.23 19:18:09.093,8.09558,8.09682,1.00,1.00
2018.05.23 19:18:09.145,8.09544,8.09668,1.00,1.00
2018.05.23 19:18:10.164,8.09559,8.09677,1.00,1.00
2018.05.23 19:18:17.473,8.09559,8.09681,1.00,1.00
2018.05.23 19:18:22.921,8.09559,8.09638,1.00,1.00
2018.05.23 19:18:23.075,8.09532,8.09638,1.00,1.00
2018.05.23 19:18:26.287,8.09532,8.09628,1.00,1.00
2018.05.23 19:18:29.069,8.09532,8.09648,1.00,1.00
2018.05.23 19:18:29.173,8.09532,8.09657,1.00,1.00
2018.05.23 19:18:29.331,8.09556,8.09668,1.00,1.00
2018.05.23 19:18:29.586,8.09556,8.09678,1.00,1.00
2018.05.23 19:18:30.580,8.09556,8.09681,1.00,1.00
2018.05.23 19:18:30.693,8.09587,8.09709,1.00,1.00
2018.05.23 19:18:30.899,8.096,8.09724,1.00,1.00
2018.05.23 19:18:31.752,8.09585,8.09688,1.00,1.00
2018.05.23 19:18:32.093,8.09578,8.09667,1.00,1.00
2018.05.23 19:18:33.837,8.09597,8.09667,1.00,1.00
2018.05.23 19:18:34.943,8.09597,8.09668,1.00,1.00
2018.05.23 19:18:35.095,8.09597,8.09677,1.00,1.00
2018.05.23 19:18:35.710,8.09579,8.09688,1.00,1.00
2018.05.23 19:18:35.761,8.09579,8.09677,1.00,1.00
2018.05.23 19:18:39.002,8.09561,8.09668,1.00,1.00
2018.05.23 19:18:39.113,8.09547,8.09658,1.00,1.00
2018.05.23 19:18:39.164,8.09547,8.09668,1.00,1.00
2018.05.23 19:18:39.216,8.09561,8.09668,1.00,1.00
2018.05.23 19:18:39.840,8.09562,8.09668,1.00,1.00
2018.05.23 19:18:40.141,8.09568,8.09668,1.00,1.00
2018.05.23 19:18:40.538,8.09554,8.09638,1.00,1.00
2018.05.23 19:18:40.949,8.09539,8.09638,1.00,1.00
2018.05.23 19:18:41.483,8.09543,8.09638,1.00,1.00
2018.05.23 19:18:41.968,8.0956,8.09638,1.00,1.00
2018.05.23 19:18:42.687,8.09543,8.09638,1.00,1.00
2018.05.23 19:18:42.907,8.09562,8.09638,1.00,1.00
2018.05.23 19:18:42.958,8.09544,8.09638,1.00,1.00
2018.05.23 19:18:44.566,8.09561,8.09638,1.00,1.00
2018.05.23 19:18:44.617,8.09543,8.09638,1.00,1.00
2018.05.23 19:18:44.837,8.09561,8.09638,1.00,1.00
2018.05.23 19:18:44.889,8.09547,8.09638,1.00,1.00
2018.05.23 19:18:48.855,8.09533,8.09628,1.00,1.00
2018.05.23 19:18:51.291,8.09533,8.09638,1.00,1.00
2018.05.23 19:18:52.730,8.09518,8.09638,1.00,1.00
2018.05.23 19:18:54.814,8.09531,8.09648,1.00,1.00
2018.05.23 19:18:55.898,8.09531,8.09656,1.00,1.00
2018.05.23 19:18:57.811,8.09552,8.09667,1.00,1.00
2018.05.23 19:18:58.141,8.09569,8.09694,1.00,1.00
2018.05.23 19:18:58.518,8.09573,8.09694,1.00,1.00
2018.05.23 19:18:58.570,8.09593,8.09717,1.00,1.00
2018.05.23 19:18:58.776,8.09613,8.09718,1.00,1.00
2018.05.23 19:19:00.418,8.09613,8.09717,1.00,1.00
2018.05.23 19:19:01.051,8.09613,8.09718,1.00,1.00
2018.05.23 19:19:01.488,8.09586,8.09708,1.00,1.00
2018.05.23 19:19:01.591,8.096,8.09708,1.00,1.00
2018.05.23 19:19:01.979,8.096,8.09718,1.00,1.00
2018.05.23 19:19:03.704,8.096,8.09708,1.00,1.00
2018.05.23 19:19:04.369,8.0958,8.09698,1.00,1.00
2018.05.23 19:19:04.525,8.0958,8.09704,1.00,1.00
2018.05.23 19:19:04.797,8.096,8.09724,1.00,1.00
2018.05.23 19:19:06.068,8.096,8.09725,1.00,1.00
2018.05.23 19:19:15.224,8.09619,8.09743,1.00,1.00
2018.05.23 19:19:18.373,8.09603,8.09726,1.00,1.00
2018.05.23 19:19:20.658,8.09616,8.0974,1.00,1.00
2018.05.23 19:19:32.666,8.09637,8.09761,1.00,1.00
2018.05.23 19:19:42.653,8.09655,8.0978,1.00,1.30
2018.05.23 19:19:43.321,8.09655,8.0978,1.00,1.30
2018.05.23 19:19:43.854,8.09655,8.0978,1.00,1.30
2018.05.23 19:19:45.047,8.09655,8.0978,1.00,1.30
2018.05.23 19:19:45.662,8.09655,8.0978,1.00,1.30
2018.05.23 19:19:46.735,8.09655,8.0978,1.00,1.30
2018.05.23 19:19:48.945,8.09655,8.0978,1.00,1.30
2018.05.23 19:19:49.447,8.09655,8.0978,1.00,1.30
2018.05.23 19:19:53.689,8.09655,8.0978,1.00,1.30
2018.05.23 19:19:55.259,8.09655,8.0978,1.00,1.30
2018.05.23 19:19:55.966,8.09632,8.09755,1.00,1.00
2018.05.23 19:19:56.174,8.09646,8.09768,1.00,1.00
2018.05.23 19:19:56.330,8.09631,8.09756,1.00,1.00
2018.05.23 19:20:01.559,8.09616,8.09739,1.00,1.00
2018.05.23 19:20:02.176,8.0963,8.09752,1.00,1.00
2018.05.23 19:20:02.778,8.09643,8.09767,1.00,1.00
2018.05.23 19:20:03.617,8.09622,8.09747,1.00,1.00
2018.05.23 19:20:04.514,8.09636,8.0976,1.00,1.00
2018.05.23 19:20:06.722,8.0965,8.09774,1.00,1.00
2018.05.23 19:20:07.857,8.09629,8.09753,1.00,1.00
2018.05.23 19:20:14.065,8.09644,8.09768,1.00,1.00
2018.05.23 19:20:16.981,8.09657,8.09752,1.00,1.70
2018.05.23 19:20:17.086,8.09631,8.09743,1.00,1.37
2018.05.23 19:20:17.137,8.09586,8.0971,1.00,1.00
2018.05.23 19:20:17.290,8.09572,8.09697,1.00,1.00
2018.05.23 19:20:21.431,8.09572,8.09693,1.00,1.00
2018.05.23 19:20:21.519,8.09549,8.09673,1.00,1.00
2018.05.23 19:20:26.097,8.09563,8.09687,1.00,1.00
2018.05.23 19:20:26.465,8.09577,8.09701,1.00,1.00
2018.05.23 19:20:26.813,8.09598,8.09721,1.00,1.00
2018.05.23 19:20:29.119,8.09577,8.09685,1.00,1.00
2018.05.23 19:20:29.221,8.09538,8.09663,1.00,1.00
2018.05.23 19:20:29.529,8.09557,8.0968,1.00,1.00
2018.05.23 19:20:29.685,8.09539,8.09664,1.00,1.00
2018.05.23 19:20:46.528,8.09555,8.09679,1.00,1.00
2018.05.23 19:20:58.064,8.09535,8.09657,1.00,1.00
2018.05.23 19:20:58.115,8.09513,8.09638,1.00,1.00
2018.05.23 19:20:58.394,8.09535,8.09659,1.00,1.00
2018.05.23 19:20:58.449,8.09555,8.0968,1.00,1.00
2018.05.23 19:20:58.503,8.09537,8.09662,1.00,1.00
2018.05.23 19:21:01.222,8.09559,8.09683,1.00,1.00
2018.05.23 19:21:01.399,8.09545,8.0967,1.00,1.00
2018.05.23 19:21:01.556,8.09559,8.09683,1.00,1.00
2018.05.23 19:21:07.411,8.09576,8.09701,1.00,1.00
2018.05.23 19:21:07.512,8.0959,8.09714,1.00,1.00
2018.05.23 19:21:10.717,8.0959,8.09691,1.00,1.00
2018.05.23 19:21:10.769,8.09541,8.09666,1.00,1.00
2018.05.23 19:21:10.820,8.09513,8.09638,1.00,1.00
2018.05.23 19:21:11.146,8.09557,8.09679,1.00,1.00
2018.05.23 19:21:14.800,8.0953,8.09652,1.00,1.00
2018.05.23 19:21:15.369,8.09552,8.09677,1.00,1.00
2018.05.23 19:21:17.775,8.09576,8.09701,1.00,1.00
2018.05.23 19:21:18.112,8.09556,8.0968,1.00,1.00
2018.05.23 19:21:23.864,8.09576,8.09701,1.00,1.00
2018.05.23 19:21:23.968,8.096,8.09724,1.00,1.00
2018.05.23 19:21:24.601,8.096,8.0972,1.00,1.00
2018.05.23 19:21:24.798,8.09532,8.09657,1.00,1.00
2018.05.23 19:21:24.906,8.09508,8.09632,1.00,1.00
2018.05.23 19:21:25.296,8.09526,8.0965,1.00,1.00
2018.05.23 19:21:25.347,8.09544,8.09669,1.00,1.00
2018.05.23 19:21:25.601,8.09562,8.09686,1.00,1.00
2018.05.23 19:21:25.703,8.09575,8.097,1.00,1.00
2018.05.23 19:21:26.042,8.09589,8.09714,1.00,1.00
2018.05.23 19:21:26.595,8.09575,8.097,1.00,1.00
2018.05.23 19:21:28.391,8.09559,8.09682,1.00,1.00
2018.05.23 19:21:28.736,8.09545,8.09668,1.00,1.00
2018.05.23 19:21:28.788,8.09558,8.09683,1.00,1.00
2018.05.23 19:21:29.560,8.09572,8.09697,1.00,1.00
2018.05.23 19:21:30.566,8.09586,8.09711,1.00,1.00
2018.05.23 19:21:31.196,8.09586,8.09674,1.00,1.00
2018.05.23 19:21:31.314,8.09558,8.09675,1.00,1.00
2018.05.23 19:21:31.365,8.09541,8.09665,1.00,1.00
2018.05.23 19:21:31.784,8.09556,8.09681,1.00,1.00
2018.05.23 19:21:32.018,8.09543,8.09667,1.00,1.00
2018.05.23 19:21:32.373,8.09557,8.0968,1.00,1.00
2018.05.23 19:21:37.162,8.09538,8.09663,1.00,1.00
2018.05.23 19:21:41.218,8.09555,8.09679,1.00,1.00
2018.05.23 19:21:44.903,8.09555,8.09677,1.00,1.00
2018.05.23 19:21:44.954,8.09555,8.09679,1.00,1.00
2018.05.23 19:21:49.624,8.09555,8.09678,1.00,1.00
2018.05.23 19:21:55.179,8.09555,8.09679,1.00,1.00
2018.05.23 19:22:00.722,8.09546,8.0967,1.00,1.00
2018.05.23 19:22:09.780,8.09567,8.09689,1.00,1.00
2018.05.23 19:22:11.094,8.09567,8.09688,1.00,1.00
2018.05.23 19:22:11.260,8.09567,8.09691,1.00,1.00
2018.05.23 19:22:14.747,8.09596,8.09721,1.00,1.00
2018.05.23 19:22:17.407,8.09627,8.09751,1.00,1.00
2018.05.23 19:22:17.511,8.09659,8.09784,1.00,1.00
2018.05.23 19:22:17.637,8.09673,8.09784,1.00,1.00
2018.05.23 19:22:17.689,8.09693,8.09817,1.00,1.00
2018.05.23 19:22:17.791,8.09715,8.09839,1.00,1.00
2018.05.23 19:22:24.945,8.09694,8.09819,1.00,1.00
2018.05.23 19:22:27.133,8.09708,8.09833,1.00,1.00
2018.05.23 19:22:30.007,8.09692,8.09818,1.00,1.00
2018.05.23 19:22:30.115,8.09663,8.09788,1.00,1.00
2018.05.23 19:22:30.471,8.09677,8.09801,1.00,1.00
2018.05.23 19:22:30.794,8.09698,8.09822,1.00,1.00
2018.05.23 19:22:31.763,8.09713,8.09835,1.00,1.00
2018.05.23 19:22:31.866,8.09725,8.0985,1.00,1.00
2018.05.23 19:22:38.854,8.09706,8.09828,1.00,1.00
2018.05.23 19:22:45.239,8.0972,8.09844,1.00,1.00
2018.05.23 19:22:45.453,8.09702,8.09826,1.00,1.00
2018.05.23 19:22:50.208,8.09682,8.09804,1.00,1.00
2018.05.23 19:23:00.522,8.09662,8.09786,1.00,1.00
2018.05.23 19:23:00.573,8.09683,8.09807,1.00,1.00
2018.05.23 19:23:00.780,8.09696,8.09821,1.00,1.00
2018.05.23 19:23:02.602,8.09683,8.09807,1.00,1.00
2018.05.23 19:23:13.480,8.09663,8.09787,1.00,1.00
2018.05.23 19:23:16.035,8.09649,8.09773,1.00,1.00
2018.05.23 19:23:16.481,8.09629,8.09751,1.00,1.00
2018.05.23 19:23:17.805,8.09593,8.09718,1.00,1.00
2018.05.23 19:23:22.540,8.09614,8.09739,1.00,1.00
2018.05.23 19:23:24.529,8.09628,8.09752,1.00,1.00
2018.05.23 19:23:24.865,8.09643,8.09765,1.00,1.00
2018.05.23 19:23:27.059,8.09656,8.0978,1.00,1.00
2018.05.23 19:23:30.138,8.09628,8.09752,1.00,1.00
2018.05.23 19:23:30.446,8.0965,8.09772,1.00,1.00
2018.05.23 19:23:31.674,8.09635,8.09759,1.00,1.00
2018.05.23 19:23:33.647,8.09651,8.09775,1.00,1.00
2018.05.23 19:23:33.698,8.09664,8.09789,1.00,1.00
2018.05.23 19:23:40.080,8.09652,8.09774,1.00,1.00
2018.05.23 19:23:40.183,8.09637,8.09761,1.00,1.00
2018.05.23 19:23:49.967,8.09616,8.0974,1.00,1.00
2018.05.23 19:23:51.058,8.09595,8.0972,1.00,1.00
2018.05.23 19:23:53.249,8.09563,8.09688,1.00,1.00
2018.05.23 19:23:53.554,8.09591,8.09715,1.00,1.00
2018.05.23 19:23:54.206,8.09605,8.09729,1.00,1.00
2018.05.23 19:23:54.517,8.09626,8.09749,1.00,1.00
2018.05.23 19:23:55.846,8.09654,8.09777,1.00,1.00
2018.05.23 19:23:56.445,8.09632,8.09757,1.00,1.00
2018.05.23 19:23:58.593,8.09646,8.09771,1.00,1.00
2018.05.23 19:24:10.353,8.09625,8.0975,1.00,1.00
2018.05.23 19:24:12.359,8.09639,8.09764,1.00,1.00
2018.05.23 19:24:21.362,8.09655,8.09779,1.00,1.00
2018.05.23 19:24:23.610,8.09634,8.09759,1.00,1.00
2018.05.23 19:24:23.815,8.09621,8.09744,1.00,1.00
2018.05.23 19:24:24.880,8.09634,8.09759,1.00,1.00
2018.05.23 19:24:31.472,8.09616,8.09738,1.00,1.00
2018.05.23 19:24:31.813,8.09628,8.09751,1.00,1.00
2018.05.23 19:24:32.102,8.09616,8.09738,1.00,1.00
2018.05.23 19:24:34.362,8.09635,8.09759,1.00,1.00
2018.05.23 19:24:36.354,8.09621,8.09746,1.00,1.00
2018.05.23 19:24:36.455,8.09616,8.09731,1.00,1.00
2018.05.23 19:24:37.043,8.09616,8.09746,1.00,1.00
2018.05.23 19:24:37.112,8.09629,8.09751,1.00,1.00
2018.05.23 19:24:37.907,8.09616,8.09739,1.00,1.00
2018.05.23 19:24:37.989,8.09614,8.09739,1.00,1.00
2018.05.23 19:24:38.041,8.09593,8.09725,1.00,1.00
2018.05.23 19:24:38.092,8.09608,8.09731,1.00,1.00
2018.05.23 19:24:39.030,8.09593,8.09725,1.50,1.00
2018.05.23 19:24:40.320,8.09614,8.09739,1.00,1.00
2018.05.23 19:24:40.624,8.096,8.09725,1.00,1.00
2018.05.23 19:24:43.627,8.0958,8.09704,1.00,1.00
2018.05.23 19:24:46.904,8.09607,8.09732,1.00,1.00
2018.05.23 19:24:47.411,8.09621,8.09746,1.00,1.00
2018.05.23 19:24:48.931,8.09609,8.09731,1.00,1.00
2018.05.23 19:24:52.250,8.09621,8.09746,1.00,1.00
2018.05.23 19:24:53.705,8.09609,8.09732,1.00,1.00
2018.05.23 19:25:00.549,8.09621,8.09746,1.00,1.00
2018.05.23 19:25:00.600,8.09642,8.09766,1.00,1.00
2018.05.23 19:25:00.703,8.09614,8.09739,1.00,1.00
2018.05.23 19:25:03.753,8.096,8.09732,1.00,1.00
2018.05.23 19:25:07.377,8.09593,8.09718,1.00,1.00
2018.05.23 19:25:08.537,8.0958,8.09704,1.00,1.00
2018.05.23 19:25:08.876,8.09552,8.09676,1.00,1.00
2018.05.23 19:25:13.897,8.09571,8.09693,1.00,1.00
2018.05.23 19:25:14.576,8.09591,8.09715,1.00,1.00
2018.05.23 19:25:23.842,8.09577,8.09701,1.00,1.00
2018.05.23 19:25:26.933,8.09563,8.09688,1.00,1.00
2018.05.23 19:25:27.213,8.09577,8.09701,1.00,1.00
2018.05.23 19:25:27.420,8.09563,8.09688,1.00,1.00
2018.05.23 19:25:30.124,8.09584,8.09708,1.00,1.00
2018.05.23 19:25:36.009,8.09608,8.09733,1.00,1.00
2018.05.23 19:25:40.192,8.09595,8.09718,1.00,1.00
2018.05.23 19:25:40.507,8.09581,8.09704,1.00,1.00
2018.05.23 19:25:47.400,8.09562,8.09687,1.00,1.00
2018.05.23 19:25:52.645,8.09576,8.09701,1.00,1.00
2018.05.23 19:25:53.867,8.09613,8.09738,1.00,1.00
2018.05.23 19:25:55.435,8.09593,8.09717,1.00,1.00
2018.05.23 19:25:55.785,8.09568,8.09686,1.00,1.00
2018.05.23 19:25:56.156,8.09578,8.097,1.00,1.00
2018.05.23 19:25:56.337,8.09568,8.09684,1.00,1.00
2018.05.23 19:25:57.729,8.09574,8.09696,1.00,1.00
2018.05.23 19:25:57.831,8.09603,8.09728,1.00,1.00
2018.05.23 19:25:58.386,8.09594,8.09709,1.00,1.00
2018.05.23 19:25:59.635,8.09598,8.09722,1.00,1.00
2018.05.23 19:26:00.991,8.09612,8.09722,1.00,1.00
2018.05.23 19:26:03.535,8.09626,8.0975,1.00,1.00
2018.05.23 19:26:03.639,8.09612,8.09736,1.50,1.00
2018.05.23 19:26:03.948,8.09631,8.09755,1.00,1.00
2018.05.23 19:26:08.511,8.09617,8.09741,1.00,1.00
2018.05.23 19:26:09.381,8.09597,8.09719,1.00,1.00
2018.05.23 19:26:13.775,8.09576,8.09701,1.00,1.00
2018.05.23 19:26:13.827,8.09556,8.09679,1.50,1.00
2018.05.23 19:26:16.520,8.09542,8.09666,1.00,1.00
2018.05.23 19:26:24.289,8.09562,8.09687,1.00,1.00
2018.05.23 19:26:30.156,8.09583,8.09706,1.00,1.00
2018.05.23 19:26:31.034,8.09583,8.09707,1.00,1.00
2018.05.23 19:26:36.354,8.09624,8.09748,1.00,1.00
2018.05.23 19:26:36.665,8.09663,8.09787,1.00,1.00
2018.05.23 19:26:44.519,8.09649,8.09773,1.00,1.00
2018.05.23 19:26:44.829,8.09663,8.09787,1.00,1.00
2018.05.23 19:26:45.170,8.09628,8.09752,1.00,1.00
2018.05.23 19:26:45.221,8.09615,8.09744,1.00,1.00
2018.05.23 19:26:48.124,8.09629,8.09751,1.00,1.00
2018.05.23 19:26:48.227,8.09649,8.09773,1.00,1.00
2018.05.23 19:27:02.333,8.0963,8.09754,1.00,1.00
2018.05.23 19:27:02.592,8.0965,8.09775,1.00,1.00
2018.05.23 19:27:08.196,8.0965,8.09789,1.00,1.00
2018.05.23 19:27:26.476,8.09663,8.09788,1.00,1.00
2018.05.23 19:27:29.370,8.09677,8.09802,1.00,1.00
2018.05.23 19:27:29.724,8.09698,8.09823,1.00,1.00
2018.05.23 19:27:30.464,8.09684,8.09809,1.00,1.00
2018.05.23 19:27:31.430,8.09698,8.09823,1.00,1.00
2018.05.23 19:27:34.008,8.09714,8.09838,1.00,1.00
2018.05.23 19:27:34.653,8.09693,8.09817,1.00,1.00
2018.05.23 19:27:39.206,8.09714,8.09838,1.00,1.00
2018.05.23 19:27:42.360,8.097,8.09824,1.00,1.00
2018.05.23 19:27:46.927,8.09714,8.09838,1.00,1.00
2018.05.23 19:27:56.888,8.09734,8.09856,1.00,1.00
2018.05.23 19:28:00.703,8.09747,8.09871,1.00,1.00
2018.05.23 19:28:02.067,8.0976,8.09885,1.00,1.00
2018.05.23 19:28:06.477,8.09776,8.099,1.00,1.00
2018.05.23 19:28:10.120,8.09797,8.09921,1.00,1.00
2018.05.23 19:28:10.378,8.09814,8.09939,1.00,1.00
2018.05.23 19:28:12.050,8.09852,8.09977,1.00,1.00
2018.05.23 19:28:12.375,8.09873,8.09997,1.00,1.00
2018.05.23 19:28:13.809,8.0985,8.09975,1.00,1.00
2018.05.23 19:28:14.192,8.09871,8.09996,1.00,1.00
2018.05.23 19:28:14.494,8.0985,8.09975,1.00,1.00
2018.05.23 19:28:15.331,8.09865,8.09988,1.00,1.00
2018.05.23 19:28:15.651,8.09851,8.09974,1.00,1.00
2018.05.23 19:28:15.854,8.09837,8.09961,1.00,1.00
2018.05.23 19:28:16.620,8.0985,8.09975,1.00,1.00
2018.05.23 19:28:16.723,8.09872,8.09995,1.00,1.00
2018.05.23 19:28:16.912,8.0985,8.09975,1.00,1.00
2018.05.23 19:28:17.487,8.09864,8.09989,1.00,1.00
2018.05.23 19:28:18.560,8.09844,8.09968,1.00,1.00
2018.05.23 19:28:18.873,8.09858,8.09981,1.00,1.00
2018.05.23 19:28:19.200,8.09872,8.09995,1.00,1.00
2018.05.23 19:28:19.302,8.09857,8.09982,1.00,1.00
2018.05.23 19:28:21.465,8.09841,8.09963,1.00,1.00
2018.05.23 19:28:23.030,8.09826,8.09951,1.00,1.00
2018.05.23 19:28:23.407,8.09736,8.09861,1.00,1.00
2018.05.23 19:28:23.718,8.09756,8.0988,1.00,1.00
2018.05.23 19:28:24.095,8.09781,8.09904,1.00,1.00
2018.05.23 19:28:26.031,8.0976,8.09884,1.00,1.00
2018.05.23 19:28:27.214,8.09773,8.09898,1.00,1.00
2018.05.23 19:28:28.456,8.09761,8.09883,1.00,1.00
2018.05.23 19:28:30.148,8.0978,8.09905,1.00,1.00
2018.05.23 19:28:34.536,8.09767,8.09891,1.00,1.00
2018.05.23 19:28:35.244,8.09754,8.09876,1.00,1.00
2018.05.23 19:28:35.447,8.09725,8.0985,1.00,1.00
2018.05.23 19:28:38.298,8.09739,8.09863,1.00,1.00
2018.05.23 19:28:41.793,8.09753,8.09877,1.00,1.00
2018.05.23 19:28:42.161,8.0974,8.09862,1.00,1.00
2018.05.23 19:28:42.688,8.09725,8.0985,1.00,1.00
2018.05.23 19:28:44.503,8.0974,8.09862,1.00,1.00
2018.05.23 19:28:44.607,8.09718,8.09843,1.00,1.00
2018.05.23 19:28:45.199,8.09718,8.09808,1.00,1.00
2018.05.23 19:28:45.302,8.09718,8.09843,1.00,1.00
2018.05.23 19:28:45.354,8.0968,8.09805,1.00,1.00
2018.05.23 19:28:45.827,8.09665,8.0979,1.00,1.00
2018.05.23 19:28:46.136,8.09602,8.09726,1.00,1.00
2018.05.23 19:28:46.446,8.09545,8.09669,1.00,1.00
2018.05.23 19:28:46.856,8.09521,8.09645,1.00,1.00
2018.05.23 19:28:48.157,8.09497,8.09621,1.00,1.00
2018.05.23 19:28:48.292,8.09472,8.09597,1.00,1.00
2018.05.23 19:28:48.447,8.09449,8.09573,1.00,1.00
2018.05.23 19:28:48.601,8.09415,8.0954,1.00,1.00
2018.05.23 19:28:48.728,8.09389,8.09511,1.00,1.00
2018.05.23 19:28:49.017,8.09357,8.09481,1.00,1.00
2018.05.23 19:28:49.222,8.09343,8.09467,1.00,1.00
2018.05.23 19:28:50.921,8.09326,8.0945,1.00,1.00
2018.05.23 19:28:54.765,8.09341,8.09463,1.00,1.00
2018.05.23 19:28:55.254,8.0937,8.09494,1.00,1.00
2018.05.23 19:28:55.517,8.09356,8.09481,1.00,1.00
2018.05.23 19:28:55.687,8.0937,8.09494,1.00,1.00
2018.05.23 19:28:55.791,8.09349,8.09474,1.00,1.00
2018.05.23 19:29:03.821,8.09327,8.09451,1.00,1.00
2018.05.23 19:29:04.708,8.0934,8.09465,1.00,1.00
2018.05.23 19:29:05.211,8.09363,8.09488,1.00,1.00
2018.05.23 19:29:05.598,8.09346,8.0947,1.00,1.00
2018.05.23 19:29:10.447,8.09332,8.09456,1.00,1.00
2018.05.23 19:29:12.293,8.09342,8.09456,1.00,1.00
2018.05.23 19:29:12.618,8.09332,8.09456,1.50,1.00
2018.05.23 19:29:13.368,8.09317,8.09442,1.00,1.00
2018.05.23 19:29:14.198,8.093,8.09425,1.00,1.00
2018.05.23 19:29:23.361,8.09279,8.09404,1.00,1.00
2018.05.23 19:29:23.718,8.09265,8.0939,1.00,1.00
2018.05.23 19:29:30.099,8.09252,8.09376,1.00,1.00
2018.05.23 19:29:37.222,8.09266,8.09391,1.00,1.00
2018.05.23 19:29:38.466,8.09254,8.09376,1.00,1.00
2018.05.23 19:29:39.231,8.09266,8.09391,1.00,1.00
2018.05.23 19:29:42.733,8.09284,8.09408,1.00,1.00
2018.05.23 19:29:44.969,8.0927,8.09394,1.00,1.00
2018.05.23 19:29:45.609,8.09285,8.09407,1.00,1.00
2018.05.23 19:29:46.667,8.09264,8.09388,1.00,1.00
2018.05.23 19:29:50.787,8.0925,8.09375,1.00,1.00
2018.05.23 19:29:57.964,8.0928,8.09405,1.00,1.00
2018.05.23 19:29:58.279,8.09264,8.09389,1.00,1.00
2018.05.23 19:29:59.202,8.09246,8.09371,1.00,1.00
2018.05.23 19:29:59.508,8.09225,8.0935,1.00,1.00
2018.05.23 19:30:00.199,8.09208,8.09333,1.00,1.00
2018.05.23 19:30:00.720,8.09194,8.09319,1.00,1.00
2018.05.23 19:30:04.966,8.09166,8.0929,1.00,1.00
2018.05.23 19:30:07.360,8.09194,8.09318,1.00,1.00
2018.05.23 19:30:23.362,8.09179,8.09303,1.00,1.00
2018.05.23 19:30:30.957,8.09156,8.09281,1.00,1.00
2018.05.23 19:30:31.286,8.09159,8.09283,1.00,1.00
2018.05.23 19:30:38.623,8.09139,8.09264,1.00,1.00
2018.05.23 19:30:39.515,8.09139,8.09261,1.00,1.00
2018.05.23 19:30:39.567,8.09118,8.09242,1.00,1.00
2018.05.23 19:30:40.745,8.09104,8.09228,1.00,1.00
2018.05.23 19:30:41.867,8.09118,8.09242,1.00,1.00
2018.05.23 19:30:44.245,8.09133,8.09255,1.00,1.00
2018.05.23 19:30:44.349,8.09114,8.09238,1.00,1.00
2018.05.23 19:30:48.683,8.09137,8.09262,1.00,1.00
2018.05.23 19:30:57.837,8.09188,8.09312,1.00,1.00
2018.05.23 19:30:58.172,8.09229,8.09353,1.00,1.00
2018.05.23 19:30:59.111,8.0921,8.09334,1.00,1.00
2018.05.23 19:30:59.431,8.09196,8.09321,1.00,1.00
2018.05.23 19:31:00.222,8.09211,8.09333,1.00,1.00
2018.05.23 19:31:01.019,8.09232,8.09354,1.00,1.00
2018.05.23 19:31:01.792,8.09247,8.09371,1.00,1.00
2018.05.23 19:31:02.205,8.09234,8.09357,1.00,1.00
2018.05.23 19:31:02.561,8.09219,8.09344,1.00,1.00
2018.05.23 19:31:14.241,8.092,8.09322,1.00,1.00
2018.05.23 19:31:15.330,8.09176,8.093,1.00,1.00
2018.05.23 19:31:18.870,8.09157,8.09274,1.00,1.00
2018.05.23 19:31:26.331,8.09163,8.09294,1.00,1.00
2018.05.23 19:31:26.483,8.09177,8.09308,1.00,1.00
2018.05.23 19:31:26.792,8.0917,8.09294,1.00,1.00
2018.05.23 19:31:27.518,8.09166,8.09287,1.00,1.00
2018.05.23 19:31:28.776,8.09178,8.0931,1.00,1.00
2018.05.23 19:31:28.929,8.09166,8.09295,1.00,1.00
2018.05.23 19:31:29.234,8.09173,8.09308,1.00,1.00
2018.05.23 19:31:29.827,8.09172,8.09308,1.00,1.00
2018.05.23 19:31:32.075,8.09166,8.09295,1.00,1.00
2018.05.23 19:31:32.179,8.09189,8.0932,1.00,1.00
2018.05.23 19:31:32.385,8.09175,8.09306,1.00,1.00
2018.05.23 19:31:38.796,8.09166,8.09284,1.00,1.00
2018.05.23 19:31:41.582,8.09159,8.09284,1.00,1.00
2018.05.23 19:31:41.686,8.0913,8.09254,1.00,1.00
2018.05.23 19:31:48.705,8.0913,8.0925,1.00,1.00
2018.05.23 19:31:50.273,8.09124,8.0923,1.00,1.00
2018.05.23 19:31:51.114,8.09124,8.09217,1.00,1.00
2018.05.23 19:31:51.220,8.09124,8.09241,1.00,1.00
2018.05.23 19:31:54.326,8.09124,8.09225,1.00,1.00
2018.05.23 19:31:54.784,8.09124,8.09241,1.00,1.00
2018.05.23 19:31:58.622,8.09124,8.09227,1.00,1.00
2018.05.23 19:31:59.837,8.09132,8.09227,1.00,1.00
2018.05.23 19:31:59.889,8.09124,8.09242,1.00,1.00
2018.05.23 19:32:08.571,8.09124,8.09218,1.00,1.00
2018.05.23 19:32:12.924,8.09142,8.09218,1.00,1.00
2018.05.23 19:32:12.975,8.09122,8.09218,1.00,1.00
2018.05.23 19:32:13.054,8.09133,8.09234,1.00,1.00
2018.05.23 19:32:13.324,8.09142,8.09234,1.00,1.00
2018.05.23 19:32:13.426,8.09133,8.09234,1.00,1.00
2018.05.23 19:32:13.579,8.09144,8.09234,1.00,1.00
2018.05.23 19:32:28.296,8.09144,8.09239,1.00,1.00
2018.05.23 19:32:28.572,8.09144,8.09223,1.00,1.00
2018.05.23 19:32:30.895,8.09127,8.09223,1.00,1.00
2018.05.23 19:32:30.947,8.09091,8.09195,1.00,1.00
2018.05.23 19:32:31.121,8.09116,8.09195,1.00,1.00
2018.05.23 19:32:31.406,8.09086,8.09178,1.00,1.00
2018.05.23 19:32:31.626,8.09109,8.09178,1.00,1.00
2018.05.23 19:32:31.829,8.09083,8.09178,1.00,1.00
2018.05.23 19:32:32.380,8.09098,8.09178,1.00,1.00
2018.05.23 19:32:38.463,8.09119,8.09178,1.00,1.00
2018.05.23 19:32:38.514,8.09099,8.09178,1.00,1.00
2018.05.23 19:32:38.565,8.09106,8.09205,1.00,1.00
2018.05.23 19:32:38.667,8.09106,8.0917,1.00,1.00
2018.05.23 19:32:38.983,8.09082,8.0917,1.00,1.00
2018.05.23 19:32:39.850,8.09082,8.09186,1.00,1.00
2018.05.23 19:32:40.911,8.09082,8.092,1.50,1.00
2018.05.23 19:32:40.963,8.09105,8.092,1.00,1.00
2018.05.23 19:32:44.931,8.09105,8.09185,1.00,1.00
2018.05.23 19:32:44.983,8.09053,8.09185,1.00,1.00
2018.05.23 19:32:45.036,8.09062,8.09185,1.00,1.00
2018.05.23 19:32:45.139,8.09056,8.09185,1.00,1.00
2018.05.23 19:32:45.192,8.09068,8.09185,1.00,1.00
2018.05.23 19:32:45.386,8.09057,8.09185,1.00,1.00
2018.05.23 19:32:45.437,8.09064,8.09185,1.00,1.00
2018.05.23 19:32:45.489,8.09061,8.09185,1.00,1.00
2018.05.23 19:32:45.540,8.09048,8.09185,1.00,1.00
2018.05.23 19:32:45.592,8.09055,8.09185,1.00,1.00
2018.05.23 19:32:45.799,8.09044,8.09166,1.00,1.00
2018.05.23 19:32:46.184,8.09047,8.09166,1.00,1.00
2018.05.23 19:32:46.235,8.09035,8.09166,1.50,1.00
2018.05.23 19:32:47.644,8.09037,8.09166,1.00,1.00
2018.05.23 19:32:48.859,8.09042,8.09166,1.00,1.00
2018.05.23 19:32:49.235,8.09042,8.0914,1.00,1.00
2018.05.23 19:32:49.930,8.09041,8.0914,1.00,1.00
2018.05.23 19:32:50.423,8.09028,8.09126,1.00,1.00
2018.05.23 19:32:51.131,8.09023,8.09126,1.00,1.00
2018.05.23 19:32:51.182,8.09023,8.09107,1.00,1.00
2018.05.23 19:32:51.233,8.09005,8.09107,1.00,1.00
2018.05.23 19:33:00.721,8.0901,8.09107,1.00,1.00
2018.05.23 19:33:00.772,8.09004,8.09107,1.00,1.00
2018.05.23 19:33:01.917,8.09003,8.09107,1.00,1.00
2018.05.23 19:33:02.018,8.08999,8.09107,1.00,1.00
2018.05.23 19:33:02.302,8.08996,8.09107,1.00,1.00
2018.05.23 19:33:02.405,8.08996,8.091,1.00,1.00
2018.05.23 19:33:03.553,8.08998,8.091,1.00,1.00
2018.05.23 19:33:06.096,8.08989,8.091,1.00,1.00
2018.05.23 19:33:08.119,8.08986,8.091,1.00,1.00
2018.05.23 19:33:08.171,8.08989,8.091,1.00,1.00
2018.05.23 19:33:08.856,8.08989,8.09083,1.00,1.00
2018.05.23 19:33:08.964,8.08952,8.09083,2.25,1.00
2018.05.23 19:33:09.080,8.08924,8.09043,1.00,1.00
2018.05.23 19:33:09.131,8.08914,8.09043,1.00,1.00
2018.05.23 19:33:09.315,8.08888,8.09014,1.00,1.00
2018.05.23 19:33:09.518,8.08883,8.09014,1.00,1.00
2018.05.23 19:33:09.569,8.08889,8.0899,1.00,1.00
2018.05.23 19:33:09.721,8.08879,8.0899,1.00,1.00
2018.05.23 19:33:09.876,8.08862,8.0899,1.00,1.00
2018.05.23 19:33:09.980,8.08852,8.08971,1.00,1.00
2018.05.23 19:33:10.083,8.0884,8.08971,1.00,1.00
2018.05.23 19:33:10.187,8.08832,8.08953,1.50,1.00
2018.05.23 19:33:10.531,8.08822,8.08927,1.00,1.00
2018.05.23 19:33:10.890,8.08796,8.08927,1.00,1.00
2018.05.23 19:33:10.994,8.08772,8.08903,1.00,1.00
2018.05.23 19:33:11.303,8.08752,8.08879,1.00,1.00
2018.05.23 19:33:11.624,8.08752,8.08859,1.00,1.00
2018.05.23 19:33:12.048,8.08792,8.08859,1.00,1.00
2018.05.23 19:33:12.151,8.08782,8.08859,1.00,1.00
2018.05.23 19:33:12.203,8.08762,8.08859,1.00,1.00
2018.05.23 19:33:13.174,8.08732,8.08859,1.00,1.00
2018.05.23 19:33:13.228,8.08711,8.0884,1.00,1.00
2018.05.23 19:33:13.279,8.08712,8.08793,1.00,1.00
2018.05.23 19:33:13.381,8.08702,8.08793,1.00,1.00
2018.05.23 19:33:14.197,8.08712,8.08793,1.00,1.00
2018.05.23 19:33:14.602,8.08752,8.08804,1.00,1.00
2018.05.23 19:33:15.322,8.08742,8.08804,1.00,1.00
2018.05.23 19:33:15.373,8.08722,8.08804,1.00,1.00
2018.05.23 19:33:15.812,8.08732,8.08804,1.00,1.00
2018.05.23 19:33:15.914,8.08722,8.08804,1.00,1.00
2018.05.23 19:33:17.591,8.08722,8.08821,1.00,1.00
2018.05.23 19:33:20.103,8.08762,8.08821,1.00,1.00
2018.05.23 19:33:20.207,8.08752,8.08848,1.00,1.00
2018.05.23 19:33:20.512,8.08732,8.08821,1.00,1.00
2018.05.23 19:33:20.773,8.08714,8.08839,1.00,1.00
2018.05.23 19:33:20.825,8.08723,8.08839,1.00,1.00
2018.05.23 19:33:20.876,8.08714,8.08839,1.00,1.00
2018.05.23 19:33:20.928,8.08722,8.08839,1.00,1.00
2018.05.23 19:33:21.269,8.08722,8.08824,1.00,1.00
2018.05.23 19:33:24.686,8.08742,8.08824,1.00,1.00
2018.05.23 19:33:24.738,8.08722,8.08824,1.00,1.00
2018.05.23 19:33:24.892,8.08713,8.08824,1.00,1.00
2018.05.23 19:33:25.681,8.08722,8.08824,1.00,1.00
2018.05.23 19:33:28.222,8.08742,8.08824,1.00,1.00
2018.05.23 19:33:28.325,8.08742,8.08838,1.00,1.00
2018.05.23 19:33:29.165,8.08763,8.08858,1.00,1.00
2018.05.23 19:33:30.739,8.08753,8.08858,1.00,1.00
2018.05.23 19:33:30.917,8.08762,8.08858,1.00,1.00
2018.05.23 19:33:30.972,8.08742,8.08846,1.00,1.00
2018.05.23 19:33:31.281,8.08732,8.08846,1.00,1.00
2018.05.23 19:33:31.383,8.08742,8.08846,1.00,1.00
2018.05.23 19:33:31.484,8.08745,8.0887,1.00,1.00
2018.05.23 19:33:32.183,8.08742,8.08856,1.00,1.00
2018.05.23 19:33:32.503,8.08812,8.08934,1.00,1.00
2018.05.23 19:33:32.605,8.08797,8.08922,1.50,1.00
2018.05.23 19:33:32.811,8.08813,8.08937,1.00,1.00
2018.05.23 19:33:36.650,8.08826,8.08951,1.00,1.00
2018.05.23 19:33:40.518,8.08813,8.08937,1.00,1.00
2018.05.23 19:33:41.369,8.08826,8.08951,1.00,1.00
2018.05.23 19:33:41.586,8.08813,8.08937,1.00,1.00
2018.05.23 19:33:43.613,8.08826,8.08951,1.00,1.00
2018.05.23 19:33:52.156,8.08841,8.08965,1.00,1.00
2018.05.23 19:34:02.745,8.08823,8.08947,1.00,1.00
2018.05.23 19:34:03.064,8.08854,8.08978,1.00,1.00
2018.05.23 19:34:04.598,8.08869,8.08991,1.00,1.00
2018.05.23 19:34:12.383,8.08846,8.0897,1.00,1.00
2018.05.23 19:34:20.079,8.08868,8.0899,1.00,1.00
2018.05.23 19:34:21.795,8.08882,8.0899,1.00,1.00
2018.05.23 19:34:21.946,8.08878,8.0899,1.00,1.00
2018.05.23 19:34:21.999,8.08914,8.09037,1.00,1.00
2018.05.23 19:34:22.258,8.08932,8.09056,1.00,1.00
2018.05.23 19:34:28.730,8.08947,8.09071,1.00,1.00
2018.05.23 19:34:28.781,8.08933,8.09058,1.00,1.00
2018.05.23 19:34:28.986,8.08949,8.09073,1.00,1.00
2018.05.23 19:34:29.291,8.08929,8.09053,1.00,1.00
2018.05.23 19:34:29.687,8.08943,8.09067,1.00,1.00
2018.05.23 19:34:30.400,8.08956,8.09081,1.00,1.00
2018.05.23 19:34:32.224,8.08988,8.09111,1.00,1.00
2018.05.23 19:34:33.781,8.08969,8.09094,1.00,1.00
2018.05.23 19:34:34.741,8.08983,8.09108,1.00,1.00
2018.05.23 19:34:35.079,8.09007,8.09132,1.00,1.00
2018.05.23 19:34:36.670,8.0899,8.09114,1.00,1.00
2018.05.23 19:34:37.323,8.08976,8.091,1.00,1.00
2018.05.23 19:34:39.284,8.08989,8.09114,1.00,1.00
2018.05.23 19:34:39.337,8.09003,8.09128,1.00,1.00
2018.05.23 19:34:41.143,8.08983,8.09105,1.00,1.00
2018.05.23 19:34:41.664,8.09002,8.09127,1.00,1.00
2018.05.23 19:34:42.576,8.08989,8.09113,1.00,1.00
2018.05.23 19:34:43.259,8.08963,8.09085,1.00,1.00
2018.05.23 19:34:43.595,8.08996,8.09118,1.00,1.00
2018.05.23 19:34:45.218,8.0901,8.09135,1.00,1.00
2018.05.23 19:34:45.269,8.09024,8.09149,1.00,1.00
2018.05.23 19:34:45.571,8.0901,8.09134,1.00,1.00
2018.05.23 19:34:46.012,8.09028,8.09152,1.00,1.00
2018.05.23 19:34:49.440,8.09053,8.09177,1.00,1.00
2018.05.23 19:34:49.762,8.09033,8.09155,1.00,1.00
2018.05.23 19:34:50.339,8.09048,8.0917,1.00,1.00
2018.05.23 19:34:50.532,8.09025,8.0915,1.00,1.00
2018.05.23 19:34:50.634,8.09049,8.09174,1.00,1.00
2018.05.23 19:34:52.583,8.09067,8.09192,1.00,1.00
2018.05.23 19:34:53.525,8.09042,8.09164,1.00,1.00
2018.05.23 19:34:53.882,8.09067,8.09192,1.00,1.00
2018.05.23 19:34:54.769,8.09053,8.09178,1.00,1.00
2018.05.23 19:34:57.741,8.0904,8.09163,1.00,1.00
2018.05.23 19:35:00.062,8.09053,8.09177,1.00,1.00
2018.05.23 19:35:03.235,8.09031,8.09156,1.00,1.00
2018.05.23 19:35:03.994,8.09015,8.09139,1.00,1.00
2018.05.23 19:35:04.576,8.08993,8.09118,1.00,1.00
2018.05.23 19:35:05.261,8.08977,8.09101,1.00,1.00
2018.05.23 19:35:06.673,8.08996,8.0912,1.00,1.00
2018.05.23 19:35:08.231,8.09013,8.09136,1.00,1.00
2018.05.23 19:35:08.964,8.08999,8.09123,1.00,1.00
2018.05.23 19:35:14.186,8.08985,8.09109,1.00,1.00
2018.05.23 19:35:14.475,8.08962,8.09091,1.00,1.00
2018.05.23 19:35:21.976,8.08943,8.09078,1.00,1.00
2018.05.23 19:35:22.029,8.0894,8.09078,1.00,1.00
2018.05.23 19:35:22.131,8.08947,8.09078,1.00,1.00
2018.05.23 19:35:22.183,8.08965,8.09097,1.00,1.00
2018.05.23 19:35:23.483,8.08948,8.09078,1.00,1.00
2018.05.23 19:35:23.793,8.08962,8.09078,1.00,1.00
2018.05.23 19:35:23.933,8.08948,8.09078,1.00,1.00
2018.05.23 19:35:24.339,8.0895,8.09078,1.00,1.00
2018.05.23 19:35:24.441,8.08963,8.09094,1.00,1.00
2018.05.23 19:35:27.588,8.08988,8.09113,1.00,1.00
2018.05.23 19:35:27.892,8.08974,8.09099,1.00,1.00
2018.05.23 19:35:30.336,8.08958,8.09082,1.00,1.00
2018.05.23 19:35:30.645,8.08975,8.09099,1.00,1.00
2018.05.23 19:35:38.064,8.08995,8.09117,1.00,1.00
2018.05.23 19:35:39.937,8.08942,8.09064,1.00,1.00
2018.05.23 19:35:40.140,8.08956,8.09081,1.00,1.00
2018.05.23 19:35:40.244,8.0897,8.09094,1.00,1.00
2018.05.23 19:35:40.347,8.08992,8.09117,1.00,1.00
2018.05.23 19:35:42.072,8.09013,8.09137,1.00,1.00
2018.05.23 19:35:44.048,8.09033,8.09158,1.00,1.00
2018.05.23 19:35:45.772,8.09019,8.09144,1.00,1.00
2018.05.23 19:35:54.039,8.09033,8.09158,1.00,1.00
2018.05.23 19:35:56.338,8.09015,8.0914,1.00,1.00
2018.05.23 19:36:00.276,8.09031,8.09155,1.00,1.00
2018.05.23 19:36:08.543,8.09045,8.09169,1.00,1.00
2018.05.23 19:36:20.433,8.0902,8.09145,1.00,1.00
2018.05.23 19:36:21.516,8.09041,8.09164,1.00,1.00
2018.05.23 19:36:21.864,8.0902,8.09143,1.00,1.00
2018.05.23 19:36:30.678,8.09039,8.09164,1.00,1.00
2018.05.23 19:36:30.781,8.09053,8.09177,1.00,1.00
2018.05.23 19:36:31.324,8.09067,8.09191,1.00,1.00
2018.05.23 19:36:33.069,8.09087,8.09211,1.00,1.00
2018.05.23 19:36:33.406,8.09108,8.09232,1.00,1.00
2018.05.23 19:36:33.726,8.0908,8.09204,1.00,1.00
2018.05.23 19:36:36.677,8.09066,8.0919,1.00,1.00
2018.05.23 19:36:43.666,8.09048,8.09172,1.00,1.00
2018.05.23 19:36:46.175,8.09022,8.09146,1.00,1.00
2018.05.23 19:36:46.956,8.09002,8.09124,1.00,1.00
2018.05.23 19:36:53.108,8.08963,8.09088,1.00,1.00
2018.05.23 19:36:53.414,8.08984,8.09108,1.00,1.00
2018.05.23 19:36:55.923,8.08971,8.09093,1.00,1.00
2018.05.23 19:36:58.616,8.08949,8.09073,1.00,1.00
2018.05.23 19:37:01.583,8.08967,8.09089,1.00,1.00
2018.05.23 19:37:09.270,8.0898,8.09104,1.00,1.00
2018.05.23 19:37:10.292,8.08963,8.09085,1.00,1.00
2018.05.23 19:37:10.600,8.08935,8.09057,1.00,1.00
2018.05.23 19:37:10.757,8.08948,8.09072,1.00,1.00
2018.05.23 19:37:10.866,8.08962,8.09086,1.00,1.00
2018.05.23 19:37:11.543,8.08942,8.09064,1.00,1.00
2018.05.23 19:37:11.799,8.08962,8.09086,1.00,1.00
2018.05.23 19:37:23.312,8.08978,8.09102,1.00,1.00
2018.05.23 19:37:24.774,8.08992,8.09116,1.00,1.00
2018.05.23 19:37:25.093,8.08988,8.0911,1.00,1.00
2018.05.23 19:37:26.494,8.09001,8.09125,1.00,1.00
2018.05.23 19:37:40.319,8.08984,8.09109,1.00,1.00
2018.05.23 19:37:42.972,8.08998,8.09122,1.00,1.00
2018.05.23 19:37:43.277,8.09013,8.09135,1.00,1.00
2018.05.23 19:37:45.453,8.08993,8.09115,1.00,1.00
2018.05.23 19:37:47.591,8.08974,8.09098,1.00,1.00
2018.05.23 19:38:02.760,8.08982,8.09107,1.00,1.00
2018.05.23 19:38:02.864,8.08997,8.0912,1.00,1.00
2018.05.23 19:38:03.116,8.08982,8.09107,1.00,1.00
2018.05.23 19:38:07.397,8.08969,8.09093,1.00,1.00
2018.05.23 19:38:10.886,8.08987,8.09112,1.00,1.00
2018.05.23 19:38:18.124,8.09004,8.09129,1.00,1.00
2018.05.23 19:38:30.525,8.08985,8.09108,1.00,1.00
2018.05.23 19:38:30.629,8.09008,8.09132,1.00,1.00
2018.05.23 19:38:30.810,8.08995,8.09117,1.00,1.00
2018.05.23 19:38:34.701,8.08979,8.09104,1.00,1.00
2018.05.23 19:38:48.243,8.09003,8.09128,1.00,1.00
2018.05.23 19:38:48.627,8.08987,8.09112,1.00,1.00
2018.05.23 19:38:51.457,8.08963,8.09087,1.00,1.00
2018.05.23 19:38:51.763,8.08972,8.09087,1.00,1.00
2018.05.23 19:38:52.557,8.08987,8.09112,1.00,1.00
2018.05.23 19:38:54.346,8.09001,8.09125,1.00,1.00
2018.05.23 19:38:54.684,8.08981,8.09104,1.00,1.00
2018.05.23 19:39:05.196,8.08994,8.09118,1.00,1.00
2018.05.23 19:39:05.299,8.08975,8.09099,1.00,1.00
2018.05.23 19:39:06.155,8.08961,8.09086,1.00,1.00
2018.05.23 19:39:06.261,8.08975,8.09099,1.00,1.00
2018.05.23 19:39:16.213,8.0896,8.09084,1.00,1.00
2018.05.23 19:39:22.083,8.08978,8.09102,1.00,1.00
2018.05.23 19:39:28.051,8.08996,8.0912,1.00,1.00
2018.05.23 19:39:40.504,8.0901,8.09135,1.00,1.00
2018.05.23 19:39:42.474,8.09027,8.09152,1.00,1.00
2018.05.23 19:39:42.782,8.09011,8.09135,1.00,1.00
2018.05.23 19:39:58.307,8.09019,8.09143,1.00,1.00
2018.05.23 19:39:59.738,8.09033,8.09157,1.00,1.00
2018.05.23 19:40:00.046,8.09019,8.09143,1.00,1.00
2018.05.23 19:40:04.480,8.09034,8.09156,1.00,1.00
2018.05.23 19:40:04.768,8.09047,8.0917,1.00,1.00
2018.05.23 19:40:05.254,8.09033,8.09157,1.00,1.00
2018.05.23 19:40:05.403,8.09048,8.0917,1.00,1.00
2018.05.23 19:40:06.369,8.09061,8.09186,1.00,1.00
2018.05.23 19:40:06.624,8.09075,8.09199,1.00,1.00
2018.05.23 19:40:06.943,8.09059,8.09181,1.00,1.00
2018.05.23 19:40:09.811,8.09077,8.09201,1.00,1.00
2018.05.23 19:40:17.389,8.09096,8.0922,1.00,1.00
2018.05.23 19:40:32.679,8.09085,8.0921,1.00,1.00
2018.05.23 19:40:44.258,8.09065,8.09189,1.00,1.00
2018.05.23 19:40:45.502,8.09084,8.09209,1.00,1.00
2018.05.23 19:40:47.717,8.09098,8.09223,1.00,1.00
2018.05.23 19:41:02.696,8.09073,8.09197,1.00,1.00
2018.05.23 19:41:12.742,8.0906,8.09182,1.00,1.00
2018.05.23 19:41:12.843,8.09045,8.09176,1.00,1.00
2018.05.23 19:41:19.679,8.09035,8.09159,1.00,1.00
2018.05.23 19:41:20.301,8.09042,8.09173,1.00,1.00
2018.05.23 19:41:21.681,8.09056,8.09186,1.00,1.00
2018.05.23 19:41:25.447,8.09049,8.09173,1.00,1.00
2018.05.23 19:41:27.639,8.09035,8.09159,1.00,1.00
2018.05.23 19:41:28.290,8.09018,8.09143,1.00,1.00
2018.05.23 19:41:36.208,8.09041,8.09165,1.00,1.00
2018.05.23 19:41:37.552,8.09055,8.09179,1.00,1.00
2018.05.23 19:41:37.891,8.09041,8.09165,1.00,1.00
2018.05.23 19:41:38.849,8.09056,8.09178,1.00,1.00
2018.05.23 19:41:41.549,8.09039,8.09163,1.00,1.00
2018.05.23 19:41:43.714,8.09056,8.09181,1.00,1.00
2018.05.23 19:41:43.971,8.09071,8.09194,1.00,1.00
2018.05.23 19:41:49.118,8.09084,8.09208,1.00,1.00
2018.05.23 19:41:49.431,8.09099,8.09221,1.00,1.00
2018.05.23 19:41:50.475,8.09074,8.09198,1.00,1.00
2018.05.23 19:41:51.030,8.0906,8.09184,1.00,1.00
2018.05.23 19:41:51.722,8.09074,8.09198,1.00,1.00
2018.05.23 19:41:52.047,8.0906,8.09184,1.00,1.00
2018.05.23 19:41:52.642,8.09081,8.09205,1.00,1.00
2018.05.23 19:41:54.557,8.09097,8.09222,1.00,1.00
2018.05.23 19:41:55.020,8.09083,8.09208,1.00,1.00
2018.05.23 19:42:03.350,8.09067,8.09189,1.00,1.00
2018.05.23 19:42:03.585,8.09048,8.09172,1.00,1.00
2018.05.23 19:42:05.794,8.09034,8.09158,1.00,1.00
2018.05.23 19:42:07.188,8.0902,8.09145,1.00,1.00
2018.05.23 19:42:12.621,8.09007,8.0913,1.00,1.00
2018.05.23 19:42:12.976,8.09026,8.09151,1.00,1.00
2018.05.23 19:42:19.019,8.09041,8.09163,1.00,1.00
2018.05.23 19:42:19.885,8.0904,8.09164,1.00,1.00
2018.05.23 19:42:20.904,8.09061,8.09185,1.00,1.00
2018.05.23 19:42:21.086,8.09033,8.09158,1.00,1.00
2018.05.23 19:42:22.698,8.09012,8.09137,1.00,1.00
2018.05.23 19:42:23.837,8.08999,8.09123,1.00,1.00
2018.05.23 19:42:32.615,8.08971,8.09095,1.00,1.00
2018.05.23 19:42:36.718,8.08953,8.09077,1.00,1.00
2018.05.23 19:42:42.634,8.08981,8.09104,1.00,1.00
2018.05.23 19:42:43.319,8.08994,8.09119,1.00,1.00
2018.05.23 19:42:43.475,8.09008,8.09133,1.00,1.00
2018.05.23 19:42:47.070,8.08994,8.09119,1.00,1.00
2018.05.23 19:42:51.679,8.09015,8.09139,1.00,1.00
2018.05.23 19:42:52.174,8.09029,8.09153,1.00,1.00
2018.05.23 19:42:53.374,8.0901,8.09134,1.00,1.00
2018.05.23 19:42:54.291,8.08996,8.0912,1.00,1.00
2018.05.23 19:42:54.692,8.08968,8.09093,1.00,1.00
2018.05.23 19:42:56.468,8.08989,8.09113,1.00,1.00
2018.05.23 19:42:57.441,8.08968,8.09093,1.00,1.00
2018.05.23 19:42:58.042,8.08982,8.09107,1.00,1.00
2018.05.23 19:43:04.116,8.08968,8.0909,1.00,1.00
2018.05.23 19:43:04.511,8.08953,8.09077,1.00,1.00
2018.05.23 19:43:05.009,8.08939,8.09064,1.00,1.00
2018.05.23 19:43:10.243,8.08925,8.0905,1.00,1.00
2018.05.23 19:43:14.406,8.08945,8.09068,1.00,1.00
2018.05.23 19:43:14.981,8.08925,8.09047,1.00,1.00
2018.05.23 19:43:15.098,8.08938,8.09061,1.00,1.00
2018.05.23 19:43:30.126,8.08949,8.09074,1.00,1.00
2018.05.23 19:43:35.918,8.08964,8.09087,1.00,1.00
2018.05.23 19:43:41.024,8.08964,8.09084,1.00,1.00
2018.05.23 19:43:41.076,8.08946,8.0907,1.00,1.00
2018.05.23 19:43:44.416,8.08967,8.09091,1.00,1.00
2018.05.23 19:43:48.709,8.08951,8.09075,1.00,1.00
2018.05.23 19:43:48.760,8.08933,8.09058,1.00,1.00
2018.05.23 19:43:49.941,8.08916,8.0904,1.00,1.00
2018.05.23 19:43:50.249,8.08933,8.09057,1.00,1.00
2018.05.23 19:43:50.597,8.08953,8.09077,1.00,1.00
2018.05.23 19:43:52.195,8.08989,8.09113,1.00,1.00
2018.05.23 19:43:57.757,8.08976,8.09098,1.00,1.00
2018.05.23 19:44:00.264,8.08962,8.09099,1.00,1.00
2018.05.23 19:44:01.558,8.08961,8.09099,1.00,1.00
2018.05.23 19:44:01.697,8.08977,8.09113,1.00,1.00
2018.05.23 19:44:02.116,8.08992,8.09123,1.00,1.00
2018.05.23 19:44:02.219,8.08999,8.09137,1.00,1.00
2018.05.23 19:44:02.606,8.08992,8.09123,1.00,1.00
2018.05.23 19:44:02.758,8.09002,8.0914,1.00,1.00
2018.05.23 19:44:02.965,8.08971,8.0911,1.00,1.00
2018.05.23 19:44:03.069,8.08954,8.09092,1.00,1.00
2018.05.23 19:44:03.346,8.08936,8.09075,1.00,1.00
2018.05.23 19:44:03.553,8.08948,8.09075,1.00,1.00
2018.05.23 19:44:03.777,8.08959,8.09097,1.00,1.00
2018.05.23 19:44:04.057,8.08972,8.09111,1.00,1.00
2018.05.23 19:44:09.346,8.08948,8.09083,1.00,1.00
2018.05.23 19:44:09.398,8.08945,8.09083,1.00,1.00
2018.05.23 19:44:09.450,8.08964,8.09103,1.00,1.00
2018.05.23 19:44:09.846,8.08958,8.09089,1.00,1.00
2018.05.23 19:44:16.485,8.08984,8.09106,1.00,1.00
2018.05.23 19:44:16.790,8.09003,8.09125,1.00,1.00
2018.05.23 19:44:20.626,8.08971,8.09093,1.00,1.00
2018.05.23 19:44:20.679,8.08984,8.09108,1.00,1.00
2018.05.23 19:44:21.507,8.09005,8.09127,1.00,1.00
2018.05.23 19:44:21.662,8.09005,8.09129,1.00,1.00
2018.05.23 19:44:27.476,8.0903,8.09152,1.00,1.00
2018.05.23 19:44:28.342,8.09042,8.09167,1.00,1.00
2018.05.23 19:44:29.688,8.09077,8.09201,1.00,1.00
2018.05.23 19:44:30.152,8.09092,8.09214,1.00,1.00
2018.05.23 19:44:35.561,8.09076,8.092,1.00,1.00
2018.05.23 19:44:36.253,8.09059,8.09184,1.00,1.00
2018.05.23 19:44:36.458,8.09083,8.09208,1.00,1.00
2018.05.23 19:44:36.760,8.09065,8.0919,1.00,1.00
2018.05.23 19:44:40.654,8.09079,8.09203,1.00,1.00
2018.05.23 19:44:41.053,8.09101,8.09223,1.00,1.00
2018.05.23 19:44:51.106,8.09121,8.09244,1.00,1.00
2018.05.23 19:45:05.263,8.09102,8.09227,1.00,1.00
2018.05.23 19:45:05.485,8.09083,8.09206,1.00,1.00
2018.05.23 19:45:05.642,8.09096,8.0922,1.00,1.00
2018.05.23 19:45:05.744,8.09082,8.09207,1.00,1.00
2018.05.23 19:45:06.180,8.09063,8.09188,1.00,1.00
2018.05.23 19:45:07.215,8.09081,8.09206,1.00,1.00
2018.05.23 19:45:07.494,8.09061,8.09192,1.00,1.00
2018.05.23 19:45:07.721,8.09054,8.09178,1.00,1.00
2018.05.23 19:45:07.824,8.09074,8.09199,1.00,1.00
2018.05.23 19:45:08.349,8.09088,8.09213,1.00,1.00
2018.05.23 19:45:09.943,8.09102,8.09226,1.00,1.00
2018.05.23 19:45:15.079,8.09124,8.09248,1.00,1.00
2018.05.23 19:45:15.281,8.09157,8.09282,1.00,1.00
2018.05.23 19:45:30.789,8.09141,8.09265,1.00,1.00
2018.05.23 19:45:30.893,8.09123,8.09248,1.00,1.00
2018.05.23 19:45:31.324,8.0911,8.09234,1.00,1.00
2018.05.23 19:45:31.996,8.09123,8.09248,1.00,1.00
2018.05.23 19:45:33.579,8.09108,8.09232,1.00,1.00
2018.05.23 19:45:33.886,8.09094,8.09218,1.00,1.00
2018.05.23 19:45:41.212,8.09099,8.09218,1.00,1.00
2018.05.23 19:45:41.264,8.09119,8.09243,1.00,1.00
2018.05.23 19:45:41.419,8.0914,8.09264,1.00,1.00
2018.05.23 19:45:45.458,8.09154,8.09278,1.00,1.00
2018.05.23 19:45:47.077,8.09171,8.09295,1.00,1.00
2018.05.23 19:45:54.356,8.09153,8.09275,1.00,1.00
2018.05.23 19:46:01.345,8.09169,8.09294,1.00,1.00
2018.05.23 19:46:04.864,8.09154,8.09278,1.00,1.00
2018.05.23 19:46:21.539,8.09143,8.09267,1.00,1.00
2018.05.23 19:46:21.848,8.09127,8.09251,1.00,1.00
2018.05.23 19:46:23.698,8.0914,8.09265,1.00,1.00
2018.05.23 19:46:28.010,8.09128,8.0925,1.00,1.00
2018.05.23 19:46:30.874,8.09113,8.09237,1.00,1.00
2018.05.23 19:46:32.269,8.09099,8.09222,1.00,1.00
2018.05.23 19:46:32.592,8.09083,8.09205,1.00,1.00
2018.05.23 19:46:36.034,8.09067,8.09191,1.00,1.00
2018.05.23 19:46:43.466,8.09052,8.09181,1.00,1.00
2018.05.23 19:46:50.635,8.0903,8.09169,1.00,1.00
2018.05.23 19:46:50.813,8.09038,8.09167,1.00,1.00
2018.05.23 19:47:06.498,8.09035,8.0916,1.00,1.00
2018.05.23 19:47:15.848,8.09052,8.09176,1.00,1.00
2018.05.23 19:47:22.039,8.0907,8.09192,1.00,1.00
2018.05.23 19:47:35.911,8.09086,8.09211,1.00,1.00
2018.05.23 19:47:38.254,8.09065,8.09197,1.00,1.00
2018.05.23 19:47:38.406,8.09081,8.09205,1.00,1.00
2018.05.23 19:47:38.808,8.09068,8.0919,1.00,1.00
2018.05.23 19:47:40.561,8.09093,8.09217,1.00,1.00
2018.05.23 19:47:40.766,8.09107,8.09231,1.00,1.00
2018.05.23 19:47:45.840,8.09122,8.09246,1.00,1.00
2018.05.23 19:47:46.145,8.09138,8.09262,1.00,1.00
2018.05.23 19:47:47.725,8.09116,8.0924,1.00,1.00
2018.05.23 19:47:52.679,8.09131,8.09256,1.00,1.00
2018.05.23 19:47:52.782,8.09112,8.09234,1.00,1.00
2018.05.23 19:47:53.993,8.09129,8.09253,1.00,1.00
2018.05.23 19:48:09.073,8.09147,8.09269,1.00,1.00
2018.05.23 19:48:10.768,8.09132,8.09256,1.00,1.00
2018.05.23 19:48:10.923,8.09106,8.09231,1.00,1.00
2018.05.23 19:48:11.026,8.0909,8.09214,1.00,1.00
2018.05.23 19:48:19.267,8.09106,8.09229,1.00,1.00
2018.05.23 19:48:25.556,8.0912,8.09244,1.00,1.00
2018.05.23 19:48:27.227,8.09106,8.09231,1.00,1.00
2018.05.23 19:48:32.696,8.09121,8.09245,1.00,1.00
2018.05.23 19:48:42.654,8.091,8.09224,1.00,1.00
2018.05.23 19:48:47.397,8.09083,8.09208,1.00,1.00
2018.05.23 19:48:47.569,8.09129,8.09253,1.00,1.00
2018.05.23 19:48:47.965,8.0912,8.09244,1.00,1.00
2018.05.23 19:48:48.326,8.091,8.09219,1.00,1.00
2018.05.23 19:48:48.378,8.09097,8.09219,1.00,1.00
2018.05.23 19:48:52.818,8.09132,8.09256,1.00,1.00
2018.05.23 19:48:52.921,8.09108,8.09232,1.00,1.00
2018.05.23 19:48:53.171,8.09125,8.0925,1.00,1.00
2018.05.23 19:48:53.386,8.09104,8.09229,1.00,1.00
2018.05.23 19:49:00.833,8.09123,8.09255,1.00,1.00
2018.05.23 19:49:01.762,8.09127,8.09255,1.00,1.00
2018.05.23 19:49:10.249,8.09136,8.09255,1.00,1.00
2018.05.23 19:49:10.403,8.09123,8.09255,1.00,1.00
2018.05.23 19:49:11.143,8.09097,8.09228,1.50,1.00
2018.05.23 19:49:26.000,8.09083,8.09214,1.00,1.00
2018.05.23 19:49:29.829,8.09084,8.09214,1.00,1.00
2018.05.23 19:49:29.880,8.09105,8.09236,1.00,1.00
2018.05.23 19:49:31.002,8.09119,8.0925,1.00,1.00
2018.05.23 19:49:31.313,8.09095,8.09226,1.00,1.00
2018.05.23 19:49:34.441,8.09111,8.09242,1.00,1.00
2018.05.23 19:49:35.210,8.09097,8.09229,1.00,1.00
2018.05.23 19:49:40.898,8.09072,8.09203,1.00,1.00
2018.05.23 19:49:45.454,8.09086,8.0921,1.00,1.00
2018.05.23 19:49:46.790,8.091,8.09224,1.00,1.00
2018.05.23 19:49:52.679,8.09114,8.09238,1.00,1.00
2018.05.23 19:49:57.473,8.091,8.09224,1.00,1.00
2018.05.23 19:49:57.812,8.09084,8.09208,1.00,1.00
2018.05.23 19:50:00.120,8.09067,8.09189,1.00,1.00
2018.05.23 19:50:00.297,8.09064,8.09188,1.00,1.00
2018.05.23 19:50:01.152,8.09078,8.09201,1.00,1.00
2018.05.23 19:50:03.609,8.09057,8.09181,1.00,1.00
2018.05.23 19:50:04.050,8.09033,8.09157,1.00,1.00
2018.05.23 19:50:04.367,8.09047,8.09171,1.00,1.00
2018.05.23 19:50:04.968,8.09021,8.09144,1.00,1.00
2018.05.23 19:50:05.616,8.09005,8.09129,1.00,1.00
2018.05.23 19:50:08.593,8.08987,8.09111,1.00,1.00
2018.05.23 19:50:14.146,8.08969,8.09094,1.00,1.00
2018.05.23 19:50:21.088,8.08954,8.09078,1.00,1.00
2018.05.23 19:50:21.396,8.08937,8.09061,1.00,1.00
2018.05.23 19:50:28.092,8.08923,8.09054,1.00,1.00
2018.05.23 19:50:32.257,8.08909,8.09041,1.00,1.00
2018.05.23 19:50:32.412,8.08892,8.09023,1.00,1.00
2018.05.23 19:50:33.012,8.08912,8.09036,1.00,1.00
2018.05.23 19:50:33.166,8.08898,8.09023,1.00,1.00
2018.05.23 19:50:42.663,8.08878,8.09009,1.00,1.00
2018.05.23 19:50:44.000,8.08851,8.08982,1.00,1.00
2018.05.23 19:50:44.308,8.08833,8.08964,1.00,1.00
2018.05.23 19:50:47.579,8.08819,8.08943,1.00,1.00
2018.05.23 19:50:47.786,8.08802,8.08931,1.00,1.00
2018.05.23 19:50:47.992,8.08787,8.08916,1.00,1.00
2018.05.23 19:50:48.316,8.08766,8.08895,1.00,1.00
2018.05.23 19:50:49.675,8.08746,8.08875,1.00,1.00
2018.05.23 19:50:51.197,8.08763,8.08885,1.00,1.00
2018.05.23 19:50:52.729,8.08745,8.08867,1.00,1.00
2018.05.23 19:50:58.822,8.08731,8.08853,1.00,1.00
2018.05.23 19:50:59.006,8.08716,8.08847,1.00,1.00
2018.05.23 19:51:00.121,8.08737,8.08861,1.00,1.00
2018.05.23 19:51:00.650,8.08723,8.08847,1.00,1.00
2018.05.23 19:51:17.867,8.08707,8.0883,1.00,1.00
2018.05.23 19:51:18.175,8.08693,8.08815,1.00,1.00
2018.05.23 19:51:20.526,8.08702,8.08833,1.00,1.00
2018.05.23 19:51:24.261,8.08677,8.08801,1.00,1.00
2018.05.23 19:51:24.570,8.08688,8.08812,1.00,1.00
2018.05.23 19:51:25.214,8.0867,8.08794,1.00,1.00
2018.05.23 19:51:28.439,8.08691,8.08815,1.00,1.00
2018.05.23 19:51:28.769,8.08659,8.08781,1.00,1.00
2018.05.23 19:51:33.740,8.08628,8.08758,1.00,1.00
2018.05.23 19:51:34.151,8.08618,8.08742,1.00,1.00
2018.05.23 19:51:36.291,8.08596,8.08718,1.00,1.00
2018.05.23 19:51:36.981,8.08582,8.08704,1.00,1.00
2018.05.23 19:51:38.220,8.08602,8.08726,1.00,1.00
2018.05.23 19:51:49.199,8.08575,8.087,1.00,1.00
2018.05.23 19:51:50.592,8.0859,8.08713,1.00,1.00
2018.05.23 19:51:51.838,8.08613,8.08735,1.00,1.00
2018.05.23 19:51:52.927,8.08597,8.08719,1.00,1.00
2018.05.23 19:51:53.565,8.08583,8.08705,1.00,1.00
2018.05.23 19:51:53.669,8.08568,8.08692,1.00,1.00
2018.05.23 19:51:58.568,8.08554,8.08679,1.00,1.00
2018.05.23 19:51:58.804,8.08582,8.08706,1.00,1.00
2018.05.23 19:51:58.958,8.08561,8.08686,1.00,1.00
2018.05.23 19:52:17.198,8.08542,8.08666,1.00,1.00
2018.05.23 19:52:19.475,8.08562,8.08686,1.00,1.00
2018.05.23 19:52:19.578,8.08548,8.08673,1.00,1.00
2018.05.23 19:52:20.023,8.08563,8.08685,1.00,1.00
2018.05.23 19:52:23.890,8.08541,8.08665,1.00,1.00
2018.05.23 19:52:29.515,8.08557,8.08681,1.00,1.00
2018.05.23 19:52:32.011,8.08568,8.08681,1.00,1.00
2018.05.23 19:52:32.063,8.08576,8.08698,1.00,1.00
2018.05.23 19:52:32.164,8.08589,8.08713,1.00,1.00
2018.05.23 19:52:32.720,8.08574,8.08699,1.00,1.00
2018.05.23 19:52:33.133,8.08578,8.08699,1.00,1.00
2018.05.23 19:52:33.438,8.086,8.08699,1.00,1.00
2018.05.23 19:52:42.037,8.086,8.08723,1.00,1.00
2018.05.23 19:52:45.490,8.08598,8.08723,1.00,1.00
2018.05.23 19:52:45.847,8.08622,8.08723,1.00,1.00
2018.05.23 19:52:46.485,8.08614,8.08736,1.00,1.00
2018.05.23 19:52:46.684,8.08622,8.08736,1.00,1.00
2018.05.23 19:52:51.774,8.08616,8.08736,1.00,1.00
2018.05.23 19:52:51.826,8.08649,8.08771,1.00,1.00
2018.05.23 19:52:55.701,8.08668,8.08792,1.00,1.00
2018.05.23 19:53:07.933,8.08685,8.08809,1.00,1.00
2018.05.23 19:53:09.049,8.0872,8.08843,1.00,1.00
2018.05.23 19:53:21.349,8.08759,8.08881,1.00,1.00
2018.05.23 19:53:21.558,8.08781,8.08905,1.00,1.00
2018.05.23 19:53:34.434,8.08767,8.08889,1.00,1.00
2018.05.23 19:53:40.495,8.08797,8.08921,1.00,1.00
2018.05.23 19:53:43.273,8.08759,8.08883,1.00,1.00
2018.05.23 19:53:43.480,8.08586,8.08752,1.00,1.00
2018.05.23 19:53:43.532,8.0858,8.08704,1.00,1.00
2018.05.23 19:53:43.687,8.08602,8.08727,1.00,1.00
2018.05.23 19:53:43.842,8.08584,8.08708,1.00,1.00
2018.05.23 19:53:44.940,8.08598,8.08722,1.00,1.00
2018.05.23 19:53:49.110,8.08577,8.08701,1.00,1.00
2018.05.23 19:53:50.056,8.08598,8.08722,1.00,1.00
2018.05.23 19:53:50.216,8.08557,8.08682,1.00,1.00
2018.05.23 19:53:50.319,8.08575,8.08698,1.00,1.00
2018.05.23 19:53:58.396,8.08594,8.08719,1.00,1.00
2018.05.23 19:54:16.435,8.0861,8.08734,1.00,1.00
2018.05.23 19:54:16.539,8.0863,8.08755,1.00,1.00
2018.05.23 19:54:24.355,8.0865,8.08774,1.00,1.00
2018.05.23 19:54:25.932,8.0865,8.08771,1.00,1.00
2018.05.23 19:54:25.989,8.08628,8.08752,1.00,1.00
2018.05.23 19:54:26.665,8.08643,8.08765,1.00,1.00
2018.05.23 19:54:30.275,8.08656,8.0878,1.00,1.00
2018.05.23 19:54:32.257,8.08673,8.08795,1.00,1.00
2018.05.23 19:54:34.706,8.08687,8.08811,1.00,1.00
2018.05.23 19:54:38.171,8.087,8.08825,1.00,1.00
2018.05.23 19:54:45.733,8.087,8.08817,1.00,1.00
2018.05.23 19:54:45.784,8.08675,8.08797,1.00,1.00
2018.05.23 19:54:46.659,8.08688,8.08812,1.00,1.00
2018.05.23 19:54:49.157,8.08706,8.0883,1.00,1.00
2018.05.23 19:55:00.222,8.08725,8.08849,1.00,1.00
2018.05.23 19:55:00.569,8.08708,8.08832,1.00,1.00
2018.05.23 19:55:03.215,8.08694,8.08818,1.00,1.00
2018.05.23 19:55:03.525,8.0871,8.08834,1.00,1.00
2018.05.23 19:55:04.534,8.08696,8.0882,1.50,1.00
2018.05.23 19:55:04.843,8.08715,8.08837,1.00,1.00
2018.05.23 19:55:06.512,8.08687,8.08811,1.00,1.00
2018.05.23 19:55:06.614,8.08701,8.08825,1.00,1.00
2018.05.23 19:55:06.952,8.08667,8.0879,1.00,1.00
2018.05.23 19:55:12.729,8.0868,8.08804,1.00,1.00
2018.05.23 19:55:14.384,8.08695,8.08817,1.00,1.00
2018.05.23 19:55:14.486,8.08708,8.08832,1.00,1.00
2018.05.23 19:55:26.695,8.08692,8.08816,1.00,1.00
2018.05.23 19:55:27.023,8.08706,8.0883,1.00,1.00
2018.05.23 19:55:34.269,8.08667,8.08743,1.00,1.00
2018.05.23 19:55:34.320,8.08619,8.08743,1.00,1.00
2018.05.23 19:55:34.422,8.08563,8.08688,1.00,1.00
2018.05.23 19:55:34.525,8.08543,8.0866,1.00,1.00
2018.05.23 19:55:34.576,8.08536,8.0866,1.00,1.00
2018.05.23 19:55:48.479,8.08521,8.08645,1.00,1.00
2018.05.23 19:55:48.685,8.08505,8.0863,1.00,1.00
2018.05.23 19:55:56.315,8.08521,8.08643,1.00,1.00
2018.05.23 19:55:56.417,8.08534,8.08658,1.00,1.00
2018.05.23 19:55:57.113,8.08511,8.08636,1.00,1.00
2018.05.23 19:56:01.543,8.08496,8.0862,1.00,1.00
2018.05.23 19:56:05.629,8.08477,8.08601,1.00,1.00
2018.05.23 19:56:06.252,8.08494,8.08618,1.00,1.00
2018.05.23 19:56:09.099,8.08477,8.08599,1.00,1.00
2018.05.23 19:56:09.302,8.08462,8.08587,1.00,1.00
2018.05.23 19:56:12.161,8.08477,8.08599,1.00,1.00
2018.05.23 19:56:12.382,8.08497,8.08621,1.00,1.00
2018.05.23 19:56:20.277,8.08481,8.08606,1.00,1.00
2018.05.23 19:56:21.744,8.08457,8.08581,1.00,1.00
2018.05.23 19:56:32.698,8.08429,8.08553,1.00,1.00
2018.05.23 19:56:33.293,8.08444,8.08568,1.00,1.00
2018.05.23 19:56:51.446,8.0843,8.08555,1.00,1.00
2018.05.23 19:57:02.952,8.08445,8.0857,1.00,1.00
2018.05.23 19:57:04.058,8.08474,8.08597,1.00,1.00
2018.05.23 19:57:04.212,8.08488,8.08612,1.00,1.00
2018.05.23 19:57:04.416,8.08488,8.08605,1.00,1.00
2018.05.23 19:57:04.468,8.08461,8.08586,1.50,1.00
2018.05.23 19:57:04.520,8.08475,8.086,1.00,1.00
2018.05.23 19:57:09.843,8.08456,8.0858,1.00,1.00
2018.05.23 19:57:14.450,8.08473,8.08595,1.00,1.00
2018.05.23 19:57:25.472,8.08478,8.08595,1.00,1.00
2018.05.23 19:57:27.647,8.0849,8.08595,1.00,1.00
2018.05.23 19:57:29.592,8.0849,8.08596,1.00,1.00
2018.05.23 19:57:31.216,8.08479,8.08596,1.00,1.00
2018.05.23 19:57:32.008,8.08503,8.08596,1.00,1.00
2018.05.23 19:57:32.059,8.08488,8.08596,1.00,1.00
2018.05.23 19:57:32.422,8.08513,8.08596,1.00,1.00
2018.05.23 19:57:32.854,8.08513,8.08611,1.00,1.00
2018.05.23 19:57:32.956,8.085,8.08611,1.00,1.00
2018.05.23 19:57:33.458,8.08525,8.08611,1.00,1.00
2018.05.23 19:57:34.274,8.08536,8.08636,1.00,1.00
2018.05.23 19:57:34.377,8.08525,8.08636,1.00,1.00
2018.05.23 19:57:34.429,8.08511,8.08636,1.00,1.00
2018.05.23 19:57:34.736,8.0849,8.08613,1.00,1.00
2018.05.23 19:57:47.877,8.08503,8.08613,1.00,1.00
2018.05.23 19:57:48.278,8.08513,8.08613,1.00,1.00
2018.05.23 19:57:50.293,8.08513,8.08632,1.00,1.00
2018.05.23 19:57:50.345,8.08507,8.08632,1.00,1.00
2018.05.23 19:57:50.553,8.08521,8.08645,1.00,1.00
2018.05.23 19:57:54.047,8.08528,8.08659,1.00,1.00
2018.05.23 19:57:54.148,8.08543,8.08667,1.00,1.00
2018.05.23 19:57:54.455,8.08525,8.08649,1.00,1.00
2018.05.23 19:57:55.302,8.08545,8.08669,1.00,1.00
2018.05.23 19:57:55.615,8.0856,8.08685,1.00,1.00
2018.05.23 19:57:56.179,8.08531,8.08656,1.00,1.00
2018.05.23 19:57:56.521,8.08549,8.08673,1.00,1.00
2018.05.23 19:58:09.353,8.08567,8.08673,1.00,1.00
2018.05.23 19:58:11.462,8.08572,8.08694,1.00,1.00
2018.05.23 19:58:15.948,8.08585,8.08694,1.00,1.00
2018.05.23 19:58:16.077,8.08572,8.08694,1.00,1.00
2018.05.23 19:58:16.814,8.08584,8.08709,1.00,1.00
2018.05.23 19:58:22.014,8.08569,8.08693,1.00,1.00
2018.05.23 19:58:24.554,8.0855,8.08674,1.00,1.00
2018.05.23 19:58:24.606,8.08529,8.08654,1.00,1.00
2018.05.23 19:58:26.733,8.08547,8.08669,1.00,1.00
2018.05.23 19:58:28.200,8.08562,8.08686,1.00,1.00
2018.05.23 19:58:29.195,8.08561,8.08672,1.00,1.00
2018.05.23 19:58:29.624,8.08548,8.08672,1.00,1.00
2018.05.23 19:58:32.436,8.08568,8.08672,1.00,1.00
2018.05.23 19:58:40.967,8.08568,8.08686,1.00,1.00
2018.05.23 19:58:41.433,8.08562,8.08686,1.00,1.00
2018.05.23 19:58:41.485,8.08584,8.08708,1.00,1.00
2018.05.23 19:58:42.106,8.08598,8.08708,1.00,1.00
2018.05.23 19:58:42.157,8.08584,8.08708,1.00,1.00
2018.05.23 19:58:42.211,8.08598,8.08708,1.00,1.00
2018.05.23 19:58:46.945,8.08615,8.08708,1.00,1.00
2018.05.23 19:58:50.678,8.08615,8.08722,1.00,1.00
2018.05.23 19:58:50.733,8.08641,8.08765,1.00,1.00
2018.05.23 19:58:50.837,8.0866,8.08779,1.00,1.00
2018.05.23 19:58:50.889,8.08655,8.08779,1.00,1.00
2018.05.23 19:58:51.044,8.08686,8.08809,1.00,1.00
2018.05.23 19:58:51.097,8.08671,8.08795,1.00,1.00
2018.05.23 19:58:51.408,8.08678,8.08809,1.00,1.00
2018.05.23 19:58:53.633,8.08693,8.08817,1.00,1.00
2018.05.23 19:59:01.456,8.08708,8.08832,1.00,1.00
2018.05.23 19:59:02.600,8.08694,8.08818,1.00,1.00
2018.05.23 19:59:02.907,8.08745,8.08869,1.00,1.00
2018.05.23 19:59:03.216,8.08787,8.08909,1.00,1.00
2018.05.23 19:59:03.558,8.08764,8.08886,1.00,1.00
2018.05.23 19:59:04.330,8.08767,8.08886,1.00,1.00
2018.05.23 19:59:04.383,8.08764,8.08886,1.00,1.00
2018.05.23 19:59:04.588,8.08786,8.0891,1.00,1.00
2018.05.23 19:59:05.884,8.08801,8.08925,1.00,1.00
2018.05.23 19:59:05.987,8.08821,8.08946,1.00,1.00
2018.05.23 19:59:07.532,8.08823,8.08946,1.00,1.00
2018.05.23 19:59:11.196,8.08841,8.08963,1.00,1.00
2018.05.23 19:59:12.926,8.08862,8.08987,1.00,1.00
2018.05.23 19:59:13.029,8.08904,8.09023,1.00,1.00
2018.05.23 19:59:13.080,8.08902,8.09023,1.00,1.00
2018.05.23 19:59:13.132,8.08936,8.0906,1.00,1.00
2018.05.23 19:59:13.236,8.08958,8.09082,1.00,1.00
2018.05.23 19:59:13.573,8.08937,8.09061,1.00,1.00
2018.05.23 19:59:22.925,8.08923,8.09046,1.00,1.00
2018.05.23 19:59:23.244,8.0894,8.09062,1.00,1.00
2018.05.23 19:59:24.676,8.08947,8.09069,1.00,1.00
2018.05.23 19:59:24.930,8.0897,8.09094,1.00,1.00
2018.05.23 19:59:34.225,8.08983,8.09108,1.00,1.00
2018.05.23 19:59:35.641,8.09004,8.09135,1.00,1.00
2018.05.23 19:59:36.995,8.08981,8.09105,1.00,1.00
2018.05.23 19:59:37.357,8.08996,8.09121,1.00,1.00
2018.05.23 19:59:38.962,8.08982,8.09106,1.50,1.00
2018.05.23 19:59:39.269,8.09003,8.09126,1.00,1.00
2018.05.23 19:59:39.321,8.08989,8.09113,1.00,1.00
2018.05.23 19:59:44.489,8.08966,8.0909,1.00,1.00
2018.05.23 19:59:45.183,8.08943,8.09065,1.00,1.00
2018.05.23 19:59:51.039,8.08921,8.09046,1.00,1.00
2018.05.23 19:59:58.220,8.08943,8.09065,1.00,1.00
2018.05.23 19:59:59.323,8.08915,8.0904,1.00,1.00
2018.05.23 19:59:59.530,8.08929,8.09053,1.00,1.00
