2018.05.15 10:00:01.761,8.02596,8.02709,1.00,1.00
2018.05.15 10:00:02.280,8.02613,8.02725,1.00,1.00
2018.05.15 10:00:03.042,8.0264,8.02752,1.00,1.00
2018.05.15 10:00:05.337,8.02628,8.02738,1.00,1.00
2018.05.15 10:00:05.883,8.0264,8.02752,1.00,1.00
2018.05.15 10:00:08.430,8.0262,8.02732,1.00,1.00
2018.05.15 10:00:09.456,8.02623,8.02732,1.00,1.00
2018.05.15 10:00:09.507,8.0262,8.02732,1.00,1.00
2018.05.15 10:00:09.559,8.02633,8.02746,1.00,1.00
2018.05.15 10:00:12.106,8.02648,8.02758,1.00,1.00
2018.05.15 10:00:13.127,8.02658,8.02771,1.00,1.00
2018.05.15 10:00:15.696,8.02666,8.02771,1.00,1.00
2018.05.15 10:00:15.902,8.02674,8.02787,1.00,1.00
2018.05.15 10:00:23.996,8.02655,8.02767,1.00,1.00
2018.05.15 10:00:25.362,8.02636,8.02748,1.00,1.00
2018.05.15 10:00:29.111,8.0262,8.02732,1.00,1.00
2018.05.15 10:00:36.568,8.02642,8.02754,1.00,1.00
2018.05.15 10:00:37.272,8.02657,8.02769,1.00,1.00
2018.05.15 10:00:39.172,8.02647,8.02756,1.00,1.00
2018.05.15 10:00:41.457,8.02657,8.02769,1.00,1.00
2018.05.15 10:00:53.054,8.02647,8.02753,1.00,1.00
2018.05.15 10:00:53.106,8.02641,8.02753,1.00,1.00
2018.05.15 10:01:01.754,8.02672,8.02784,1.00,1.00
2018.05.15 10:01:08.095,8.0266,8.02772,1.00,1.00
2018.05.15 10:01:08.435,8.02675,8.02788,1.00,1.00
2018.05.15 10:01:08.641,8.02696,8.02807,1.00,1.00
2018.05.15 10:01:10.364,8.02675,8.02772,1.00,1.00
2018.05.15 10:01:10.416,8.0266,8.02772,1.00,1.00
2018.05.15 10:01:22.743,8.02685,8.02795,1.00,1.00
2018.05.15 10:01:22.914,8.02704,8.02816,1.00,1.00
2018.05.15 10:01:25.165,8.0269,8.02803,1.00,1.00
2018.05.15 10:01:31.758,8.02704,8.02816,1.00,1.00
2018.05.15 10:01:32.616,8.02718,8.0283,1.00,1.00
2018.05.15 10:01:34.648,8.02705,8.02817,1.50,1.00
2018.05.15 10:01:34.956,8.02685,8.02796,1.00,1.00
2018.05.15 10:01:40.382,8.02685,8.02785,1.00,1.00
2018.05.15 10:01:40.433,8.02654,8.02766,1.00,1.00
2018.05.15 10:01:53.508,8.02636,8.02736,1.00,1.00
2018.05.15 10:01:53.662,8.02624,8.02736,1.00,1.00
2018.05.15 10:02:03.235,8.02638,8.02749,1.00,1.00
2018.05.15 10:02:03.542,8.02617,8.02729,1.50,1.00
2018.05.15 10:02:07.254,8.02617,8.02725,1.00,1.00
2018.05.15 10:02:07.358,8.026,8.02713,1.00,1.00
2018.05.15 10:02:13.030,8.02577,8.02689,1.00,1.00
2018.05.15 10:02:18.612,8.02565,8.02684,1.00,1.00
2018.05.15 10:02:18.867,8.02552,8.02664,1.00,1.00
2018.05.15 10:02:19.253,8.02565,8.02677,1.00,1.00
2018.05.15 10:02:22.816,8.02578,8.02691,1.00,1.00
2018.05.15 10:02:29.203,8.02564,8.02676,1.00,1.00
2018.05.15 10:02:33.998,8.02585,8.02698,1.00,1.00
2018.05.15 10:02:38.712,8.02569,8.02682,1.00,1.00
2018.05.15 10:02:45.682,8.02584,8.02696,1.00,1.00
2018.05.15 10:02:51.507,8.02584,8.02679,1.00,1.00
2018.05.15 10:02:51.558,8.02566,8.02676,1.00,1.00
2018.05.15 10:02:54.139,8.02583,8.02695,1.00,1.00
2018.05.15 10:02:56.445,8.02596,8.02707,1.00,1.00
2018.05.15 10:02:57.258,8.02596,8.02706,1.00,1.00
2018.05.15 10:02:57.838,8.02572,8.02684,1.00,1.00
2018.05.15 10:02:58.725,8.02586,8.02698,1.00,1.00
2018.05.15 10:03:01.833,8.02567,8.02679,1.00,1.00
2018.05.15 10:03:04.941,8.02584,8.02696,1.00,1.00
2018.05.15 10:03:05.293,8.02631,8.02743,1.00,1.00
2018.05.15 10:03:05.345,8.02644,8.02757,1.00,1.00
2018.05.15 10:03:05.449,8.02658,8.0277,1.00,1.00
2018.05.15 10:03:05.816,8.02671,8.02783,1.00,1.37
2018.05.15 10:03:05.871,8.02658,8.0277,1.00,1.00
2018.05.15 10:03:05.922,8.02644,8.02757,1.00,1.00
2018.05.15 10:03:05.974,8.02644,8.02743,1.00,1.00
2018.05.15 10:03:06.128,8.0262,8.0272,1.00,1.00
2018.05.15 10:03:06.230,8.02606,8.02718,1.00,1.00
2018.05.15 10:03:06.383,8.02624,8.02719,1.00,1.00
2018.05.15 10:03:07.311,8.02606,8.02718,1.00,1.00
2018.05.15 10:03:10.114,8.02581,8.02694,1.00,1.00
2018.05.15 10:03:14.553,8.02601,8.02714,1.00,1.00
2018.05.15 10:03:14.931,8.02586,8.02699,1.00,1.00
2018.05.15 10:03:15.659,8.02606,8.02719,1.00,1.00
2018.05.15 10:03:18.776,8.02628,8.02741,1.00,1.00
2018.05.15 10:03:22.542,8.02612,8.02723,1.00,1.00
2018.05.15 10:03:29.640,8.02594,8.02706,1.00,1.00
2018.05.15 10:03:29.743,8.02607,8.0272,1.00,1.00
2018.05.15 10:03:36.662,8.02621,8.02734,1.00,1.00
2018.05.15 10:03:52.441,8.02617,8.02727,1.00,1.00
2018.05.15 10:04:00.634,8.02602,8.02715,1.00,1.00
2018.05.15 10:04:03.294,8.02616,8.02728,1.00,1.00
2018.05.15 10:04:06.324,8.02602,8.02715,1.00,1.00
2018.05.15 10:04:10.764,8.02616,8.02728,1.00,1.00
2018.05.15 10:04:12.671,8.02598,8.0271,1.00,1.37
2018.05.15 10:04:12.774,8.02518,8.02631,1.00,1.00
2018.05.15 10:04:14.843,8.02518,8.02629,1.00,1.00
2018.05.15 10:04:15.611,8.02518,8.02615,1.00,1.00
2018.05.15 10:04:15.714,8.02453,8.02565,1.00,1.00
2018.05.15 10:04:15.919,8.02453,8.0255,1.00,1.00
2018.05.15 10:04:17.252,8.02453,8.02557,1.00,1.00
2018.05.15 10:04:17.723,8.02453,8.02563,1.00,1.00
2018.05.15 10:04:17.776,8.02453,8.02553,1.00,1.00
2018.05.15 10:04:17.827,8.02453,8.02565,1.00,1.00
2018.05.15 10:04:19.838,8.02466,8.02578,1.00,1.00
2018.05.15 10:04:21.811,8.02486,8.02598,1.00,1.00
2018.05.15 10:04:22.196,8.025,8.02611,1.00,1.00
2018.05.15 10:04:28.196,8.02513,8.02625,1.00,1.00
2018.05.15 10:04:30.891,8.02513,8.02621,1.00,1.00
2018.05.15 10:04:35.102,8.02513,8.02625,1.00,1.00
2018.05.15 10:04:36.805,8.02498,8.02611,1.00,1.00
2018.05.15 10:04:38.664,8.0252,8.0263,1.00,1.00
2018.05.15 10:04:38.769,8.02532,8.02644,1.00,1.00
2018.05.15 10:04:42.513,8.02547,8.02658,1.00,1.00
2018.05.15 10:04:49.801,8.02566,8.02676,1.00,1.00
2018.05.15 10:04:50.006,8.02579,8.02691,1.00,1.00
2018.05.15 10:04:53.029,8.02598,8.0271,1.00,1.00
2018.05.15 10:04:53.234,8.02561,8.02674,1.00,1.00
2018.05.15 10:04:54.823,8.02576,8.02686,1.00,1.00
2018.05.15 10:05:05.938,8.0259,8.02702,1.00,1.00
2018.05.15 10:05:06.040,8.02603,8.02715,1.00,1.00
2018.05.15 10:05:06.349,8.02615,8.02726,1.00,1.00
2018.05.15 10:05:06.615,8.0263,8.02743,1.00,1.00
2018.05.15 10:05:07.097,8.02607,8.02719,1.00,1.00
2018.05.15 10:05:16.396,8.02626,8.02737,1.00,1.00
2018.05.15 10:05:16.449,8.02626,8.02739,1.00,1.00
2018.05.15 10:05:16.500,8.0264,8.02749,1.00,1.00
2018.05.15 10:05:16.667,8.0264,8.02752,1.00,1.00
2018.05.15 10:05:17.041,8.0264,8.02746,1.00,1.00
2018.05.15 10:05:17.143,8.02619,8.02732,1.00,1.00
2018.05.15 10:05:23.773,8.02634,8.02744,1.00,1.00
2018.05.15 10:05:25.015,8.02646,8.02759,1.00,1.00
2018.05.15 10:05:25.363,8.02633,8.02745,1.00,1.00
2018.05.15 10:05:25.790,8.02646,8.02759,1.00,1.00
2018.05.15 10:05:36.322,8.02665,8.02777,1.00,1.00
2018.05.15 10:05:36.598,8.02678,8.02791,1.00,1.00
2018.05.15 10:05:51.446,8.02691,8.02803,1.00,1.00
2018.05.15 10:05:52.799,8.02709,8.02819,1.00,1.00
2018.05.15 10:05:58.889,8.02722,8.02833,1.00,1.00
2018.05.15 10:05:59.434,8.02737,8.02846,1.00,1.00
2018.05.15 10:05:59.485,8.02737,8.02848,1.00,1.00
2018.05.15 10:05:59.536,8.02663,8.02775,1.00,1.00
2018.05.15 10:05:59.638,8.02696,8.02809,1.00,1.00
2018.05.15 10:05:59.689,8.02696,8.02807,1.00,1.00
2018.05.15 10:05:59.739,8.02683,8.02795,1.00,1.00
2018.05.15 10:06:02.335,8.02699,8.02809,1.00,1.00
2018.05.15 10:06:03.737,8.02711,8.02824,1.00,1.00
2018.05.15 10:06:03.841,8.02732,8.02844,1.00,1.00
2018.05.15 10:06:04.920,8.02743,8.02856,1.00,1.00
2018.05.15 10:06:05.445,8.02758,8.0287,1.00,1.00
2018.05.15 10:06:05.909,8.02743,8.02856,1.00,1.00
2018.05.15 10:06:06.012,8.02757,8.02869,1.00,1.00
2018.05.15 10:06:06.216,8.0277,8.02883,1.00,1.00
2018.05.15 10:06:08.187,8.02745,8.02857,1.00,1.00
2018.05.15 10:06:08.580,8.02758,8.02871,1.00,1.00
2018.05.15 10:06:09.021,8.02739,8.0285,1.00,1.00
2018.05.15 10:06:10.203,8.02758,8.02871,1.00,1.00
2018.05.15 10:06:10.305,8.02746,8.02856,1.00,1.00
2018.05.15 10:06:14.757,8.02758,8.02871,1.00,1.00
2018.05.15 10:06:15.269,8.02772,8.02884,1.00,1.00
2018.05.15 10:06:15.957,8.02759,8.0287,1.00,1.00
2018.05.15 10:06:16.831,8.02745,8.02857,1.00,1.00
2018.05.15 10:06:18.193,8.02758,8.02871,1.00,1.00
2018.05.15 10:06:21.338,8.02745,8.02857,1.00,1.00
2018.05.15 10:06:30.005,8.02733,8.02843,1.00,1.00
2018.05.15 10:06:30.107,8.02705,8.02817,1.00,1.00
2018.05.15 10:06:30.530,8.02719,8.02829,1.00,1.00
2018.05.15 10:06:30.734,8.02739,8.0285,1.00,1.00
2018.05.15 10:06:30.989,8.02752,8.02864,1.00,1.00
2018.05.15 10:06:31.452,8.02738,8.02851,1.00,1.00
2018.05.15 10:06:39.138,8.02754,8.02867,1.00,1.00
2018.05.15 10:06:39.489,8.02768,8.0288,1.00,1.00
2018.05.15 10:06:39.694,8.02781,8.02894,1.00,1.00
2018.05.15 10:06:42.429,8.02795,8.02907,1.00,1.00
2018.05.15 10:06:45.366,8.02775,8.02885,1.00,1.00
2018.05.15 10:06:48.758,8.02787,8.029,1.00,1.00
2018.05.15 10:06:50.441,8.02766,8.02878,1.00,1.00
2018.05.15 10:06:50.875,8.02753,8.02865,1.50,1.00
2018.05.15 10:06:51.397,8.02775,8.02885,1.00,1.00
2018.05.15 10:06:52.416,8.0276,8.02873,1.00,1.00
2018.05.15 10:06:53.197,8.02747,8.02859,1.00,1.00
2018.05.15 10:06:53.516,8.02727,8.02839,1.00,1.00
2018.05.15 10:07:03.619,8.027,8.0282,1.00,1.00
2018.05.15 10:07:03.878,8.0268,8.02793,1.00,1.00
2018.05.15 10:07:03.930,8.02688,8.02805,1.00,1.00
2018.05.15 10:07:04.037,8.027,8.02813,1.00,1.00
2018.05.15 10:07:04.244,8.02707,8.02826,1.00,1.00
2018.05.15 10:07:04.663,8.02687,8.02799,1.00,1.00
2018.05.15 10:07:04.990,8.02675,8.02784,1.00,1.00
2018.05.15 10:07:05.092,8.02692,8.02804,1.00,1.00
2018.05.15 10:07:05.277,8.02697,8.02804,1.00,1.00
2018.05.15 10:07:05.383,8.0268,8.02791,1.00,1.00
2018.05.15 10:07:06.748,8.02679,8.02791,1.00,1.00
2018.05.15 10:07:07.536,8.02667,8.02779,1.00,1.00
2018.05.15 10:07:08.887,8.02693,8.02805,1.00,1.00
2018.05.15 10:07:10.527,8.02678,8.0279,1.00,1.00
2018.05.15 10:07:22.521,8.0269,8.02802,1.00,1.00
2018.05.15 10:07:24.847,8.02677,8.02787,1.00,1.00
2018.05.15 10:07:26.292,8.02663,8.02775,1.00,1.00
2018.05.15 10:07:26.482,8.02677,8.02787,1.00,1.00
2018.05.15 10:07:29.232,8.02656,8.02768,1.00,1.00
2018.05.15 10:07:29.439,8.02677,8.02787,1.00,1.00
2018.05.15 10:07:29.801,8.02691,8.02801,1.00,1.00
2018.05.15 10:07:31.416,8.02676,8.02788,1.00,1.00
2018.05.15 10:07:31.624,8.02663,8.02775,1.00,1.00
2018.05.15 10:07:34.433,8.02642,8.02755,1.00,1.00
2018.05.15 10:07:35.453,8.02629,8.02741,1.00,1.00
2018.05.15 10:07:40.363,8.02649,8.02761,1.00,1.00
2018.05.15 10:07:43.412,8.02635,8.02747,1.00,1.00
2018.05.15 10:07:46.244,8.02649,8.02761,1.00,1.00
2018.05.15 10:07:51.612,8.02637,8.0275,1.00,1.00
2018.05.15 10:07:52.320,8.02617,8.02729,1.00,1.00
2018.05.15 10:08:00.641,8.02648,8.02759,1.00,1.00
2018.05.15 10:08:04.773,8.0267,8.02781,1.00,1.00
2018.05.15 10:08:04.824,8.02683,8.02795,1.00,1.00
2018.05.15 10:08:11.289,8.02664,8.02774,1.00,1.00
2018.05.15 10:08:11.509,8.02649,8.02761,1.00,1.00
2018.05.15 10:08:18.006,8.02636,8.02748,1.00,1.00
2018.05.15 10:08:21.061,8.02622,8.02735,1.00,1.00
2018.05.15 10:08:25.521,8.0261,8.0272,1.00,1.00
2018.05.15 10:08:26.615,8.02594,8.02707,1.00,1.00
2018.05.15 10:08:29.615,8.02581,8.02693,1.00,1.00
2018.05.15 10:08:29.945,8.02556,8.02668,1.00,1.00
2018.05.15 10:08:31.072,8.02543,8.02655,1.00,1.00
2018.05.15 10:08:32.650,8.02556,8.02668,1.00,1.00
2018.05.15 10:08:33.142,8.0257,8.02681,1.00,1.00
2018.05.15 10:08:44.770,8.02557,8.02669,1.00,1.00
2018.05.15 10:08:45.653,8.0253,8.02642,1.00,1.00
2018.05.15 10:08:49.158,8.02501,8.02613,1.00,1.00
2018.05.15 10:08:49.366,8.02472,8.02585,1.00,1.00
2018.05.15 10:08:49.786,8.02494,8.02605,1.00,1.00
2018.05.15 10:08:54.054,8.02508,8.02618,1.00,1.00
2018.05.15 10:08:54.208,8.02494,8.02605,1.00,1.00
2018.05.15 10:09:03.359,8.02509,8.02622,1.00,1.00
2018.05.15 10:09:03.565,8.02523,8.02635,1.00,1.00
2018.05.15 10:09:04.121,8.02535,8.02647,1.00,1.00
2018.05.15 10:09:04.434,8.02529,8.02641,1.00,1.00
2018.05.15 10:09:08.263,8.02551,8.02664,1.00,1.00
2018.05.15 10:09:09.355,8.02538,8.0265,1.00,1.00
2018.05.15 10:09:19.274,8.02556,8.02668,1.00,1.00
2018.05.15 10:09:22.512,8.02574,8.02684,1.00,1.00
2018.05.15 10:09:24.269,8.0259,8.02703,1.00,1.00
2018.05.15 10:09:26.198,8.0259,8.02701,1.00,1.00
2018.05.15 10:09:26.437,8.02577,8.02689,1.00,1.00
2018.05.15 10:09:26.592,8.02563,8.02676,1.00,1.00
2018.05.15 10:09:28.595,8.0255,8.02662,1.00,1.00
2018.05.15 10:09:30.888,8.02536,8.02649,1.00,1.00
2018.05.15 10:09:36.854,8.02554,8.02666,1.00,1.00
2018.05.15 10:09:50.146,8.02554,8.02663,1.00,1.00
2018.05.15 10:09:50.198,8.02541,8.02653,1.00,1.00
2018.05.15 10:09:50.507,8.02554,8.02666,1.00,1.00
2018.05.15 10:09:51.309,8.02574,8.02687,1.00,1.00
2018.05.15 10:09:53.635,8.02557,8.0267,1.00,1.00
2018.05.15 10:09:53.945,8.02545,8.02655,1.00,1.00
2018.05.15 10:10:00.279,8.02562,8.02674,1.00,1.00
2018.05.15 10:10:01.062,8.02562,8.02651,1.00,1.00
2018.05.15 10:10:01.113,8.02514,8.02626,1.00,1.00
2018.05.15 10:10:01.215,8.02542,8.02655,1.00,1.00
2018.05.15 10:10:02.117,8.02526,8.02639,1.00,1.00
2018.05.15 10:10:03.492,8.02541,8.02654,1.00,1.00
2018.05.15 10:10:03.801,8.02555,8.02667,1.00,1.00
2018.05.15 10:10:05.685,8.02542,8.02653,1.00,1.00
2018.05.15 10:10:05.892,8.02508,8.0262,1.00,1.00
2018.05.15 10:10:06.152,8.02522,8.02633,1.00,1.00
2018.05.15 10:10:07.678,8.02541,8.02654,1.00,1.00
2018.05.15 10:10:11.090,8.02557,8.02669,1.00,1.00
2018.05.15 10:10:11.460,8.02544,8.02656,1.00,1.00
2018.05.15 10:10:15.078,8.02527,8.02639,1.00,1.00
2018.05.15 10:10:16.803,8.02543,8.02655,1.00,1.00
2018.05.15 10:10:17.107,8.0253,8.02642,1.00,1.00
2018.05.15 10:10:17.560,8.0251,8.02623,1.00,1.00
2018.05.15 10:10:17.833,8.02492,8.02604,1.00,1.00
2018.05.15 10:10:22.154,8.02481,8.02591,1.00,1.00
2018.05.15 10:10:27.750,8.02454,8.02564,1.00,1.00
2018.05.15 10:10:43.477,8.02433,8.02552,1.00,1.00
2018.05.15 10:10:43.580,8.02426,8.02539,1.00,1.00
2018.05.15 10:10:57.699,8.02458,8.02569,1.00,1.00
2018.05.15 10:11:00.524,8.02472,8.02582,1.00,1.00
2018.05.15 10:11:00.856,8.02491,8.02603,1.00,1.00
2018.05.15 10:11:01.374,8.02505,8.02616,1.00,1.00
2018.05.15 10:11:03.310,8.02519,8.02616,1.12,1.00
2018.05.15 10:11:03.465,8.02646,8.02758,1.00,1.00
2018.05.15 10:11:03.516,8.02691,8.02758,1.00,1.00
2018.05.15 10:11:03.568,8.02691,8.02803,1.00,1.00
2018.05.15 10:11:03.671,8.02703,8.02816,1.00,1.00
2018.05.15 10:11:03.825,8.02703,8.02811,1.00,1.00
2018.05.15 10:11:03.952,8.02703,8.02816,1.00,1.00
2018.05.15 10:11:05.343,8.0268,8.02792,1.00,1.00
2018.05.15 10:11:07.554,8.02655,8.02768,1.00,1.00
2018.05.15 10:11:07.811,8.02641,8.02753,1.00,1.00
2018.05.15 10:11:08.633,8.02642,8.02753,1.37,1.00
2018.05.15 10:11:08.789,8.02719,8.0283,1.00,1.00
2018.05.15 10:11:08.893,8.02748,8.02858,1.00,1.00
2018.05.15 10:11:10.914,8.02736,8.02846,1.00,1.00
2018.05.15 10:11:14.336,8.02718,8.02831,1.00,1.00
2018.05.15 10:11:14.543,8.02704,8.02816,1.00,1.00
2018.05.15 10:11:14.748,8.02681,8.02794,1.00,1.00
2018.05.15 10:11:16.524,8.02681,8.02792,1.00,1.00
2018.05.15 10:11:16.681,8.02767,8.02879,1.00,1.00
2018.05.15 10:11:16.735,8.02792,8.02904,1.37,1.00
2018.05.15 10:11:16.838,8.02822,8.02934,1.00,1.00
2018.05.15 10:11:16.890,8.02822,8.02934,1.37,1.00
2018.05.15 10:11:16.942,8.02836,8.02946,1.37,1.00
2018.05.15 10:11:16.993,8.02836,8.02946,1.37,1.00
2018.05.15 10:11:17.097,8.02836,8.02946,1.37,1.00
2018.05.15 10:11:17.148,8.02864,8.02975,1.00,1.00
2018.05.15 10:11:17.252,8.02882,8.02994,1.00,1.00
2018.05.15 10:11:17.455,8.02898,8.0301,1.00,1.00
2018.05.15 10:11:20.308,8.02898,8.0301,1.37,1.00
2018.05.15 10:11:20.614,8.02898,8.0301,1.00,1.00
2018.05.15 10:11:25.168,8.02901,8.0301,1.35,1.00
2018.05.15 10:11:25.271,8.03028,8.03141,1.00,1.00
2018.05.15 10:11:25.373,8.03007,8.0312,1.00,1.00
2018.05.15 10:11:25.681,8.02976,8.03085,1.00,1.00
2018.05.15 10:11:25.732,8.02976,8.03088,1.00,1.00
2018.05.15 10:11:25.784,8.02942,8.03054,1.00,1.00
2018.05.15 10:11:25.977,8.02996,8.03109,1.00,1.00
2018.05.15 10:11:26.080,8.03009,8.03121,1.00,1.00
2018.05.15 10:11:26.390,8.03028,8.03138,1.00,1.00
2018.05.15 10:11:27.736,8.03007,8.0312,1.00,1.00
2018.05.15 10:11:32.958,8.03027,8.03139,1.00,1.50
2018.05.15 10:11:35.603,8.03012,8.03124,1.00,1.00
2018.05.15 10:11:47.513,8.02994,8.03106,1.00,1.00
2018.05.15 10:11:49.748,8.02994,8.03106,1.97,1.00
2018.05.15 10:11:49.997,8.0312,8.03232,1.37,1.00
2018.05.15 10:11:50.049,8.03144,8.03256,1.00,1.00
2018.05.15 10:11:50.356,8.03131,8.03243,1.00,1.00
2018.05.15 10:11:51.591,8.03131,8.03241,1.00,1.00
2018.05.15 10:11:52.397,8.03131,8.03243,1.00,1.00
2018.05.15 10:11:55.756,8.03131,8.03237,1.00,1.00
2018.05.15 10:11:55.858,8.03131,8.03243,1.00,1.00
2018.05.15 10:12:00.237,8.03143,8.03247,1.00,1.00
2018.05.15 10:12:00.290,8.03143,8.03255,1.00,1.00
2018.05.15 10:12:00.838,8.03143,8.03256,1.00,1.00
2018.05.15 10:12:04.057,8.03122,8.03235,1.00,1.00
2018.05.15 10:12:04.515,8.03107,8.0322,1.00,1.00
2018.05.15 10:12:13.595,8.03107,8.03214,1.00,1.00
2018.05.15 10:12:14.826,8.03107,8.03215,1.00,1.00
2018.05.15 10:12:15.440,8.03126,8.03258,1.37,1.00
2018.05.15 10:12:15.492,8.03126,8.03282,1.97,1.00
2018.05.15 10:12:15.544,8.03159,8.03225,1.97,1.00
2018.05.15 10:12:15.597,8.03193,8.033,1.00,1.00
2018.05.15 10:12:15.701,8.03214,8.03325,1.00,1.00
2018.05.15 10:12:15.854,8.03214,8.03327,1.00,1.00
2018.05.15 10:12:16.446,8.0323,8.03342,1.00,1.00
2018.05.15 10:12:16.703,8.03278,8.03391,1.00,1.00
2018.05.15 10:12:16.755,8.03322,8.03434,1.00,1.00
2018.05.15 10:12:17.060,8.03338,8.0345,1.00,1.00
2018.05.15 10:12:17.568,8.03318,8.03431,1.00,1.00
2018.05.15 10:12:17.773,8.03308,8.03418,1.00,1.00
2018.05.15 10:12:17.978,8.03289,8.03401,1.00,1.00
2018.05.15 10:12:18.624,8.03289,8.03401,1.75,1.00
2018.05.15 10:12:18.676,8.03312,8.03422,1.37,1.00
2018.05.15 10:12:18.779,8.03355,8.03468,1.00,1.00
2018.05.15 10:12:19.023,8.03355,8.03422,1.00,1.00
2018.05.15 10:12:19.074,8.0331,8.03421,1.00,1.00
2018.05.15 10:12:19.126,8.0331,8.03417,1.00,1.00
2018.05.15 10:12:19.179,8.03282,8.03394,1.00,1.00
2018.05.15 10:12:19.231,8.03282,8.03392,1.00,1.00
2018.05.15 10:12:19.283,8.03282,8.03394,1.00,1.00
2018.05.15 10:12:19.541,8.03316,8.03428,1.00,1.00
2018.05.15 10:12:19.889,8.03342,8.03448,1.00,1.00
2018.05.15 10:12:19.941,8.03363,8.03474,1.00,1.00
2018.05.15 10:12:20.044,8.03379,8.03491,1.00,1.00
2018.05.15 10:12:29.981,8.03362,8.03475,1.00,1.00
2018.05.15 10:12:30.651,8.03386,8.03496,1.00,1.00
2018.05.15 10:12:38.822,8.03371,8.03483,1.00,1.00
2018.05.15 10:12:42.407,8.03504,8.03544,1.00,1.00
2018.05.15 10:12:42.458,8.03496,8.03544,1.00,1.00
2018.05.15 10:12:42.509,8.03512,8.03563,1.00,1.00
2018.05.15 10:12:42.713,8.03531,8.03637,1.00,1.00
2018.05.15 10:12:43.063,8.03531,8.03643,1.00,1.00
2018.05.15 10:12:48.560,8.03486,8.03599,1.00,1.00
2018.05.15 10:12:48.726,8.03434,8.03544,1.00,1.00
2018.05.15 10:12:48.778,8.03416,8.03528,1.00,1.00
2018.05.15 10:12:48.881,8.0338,8.03492,1.00,1.00
2018.05.15 10:12:49.211,8.03358,8.0347,1.00,1.00
2018.05.15 10:12:49.558,8.03386,8.03498,1.00,1.00
2018.05.15 10:12:50.631,8.034,8.03512,1.00,1.00
2018.05.15 10:12:52.128,8.0342,8.03531,1.00,1.00
2018.05.15 10:12:56.131,8.03445,8.03555,1.00,1.00
2018.05.15 10:12:56.439,8.03577,8.03631,1.37,1.00
2018.05.15 10:12:56.491,8.03577,8.03665,1.37,1.00
2018.05.15 10:12:56.542,8.03616,8.03714,1.00,1.00
2018.05.15 10:12:56.645,8.03585,8.03712,1.00,1.71
2018.05.15 10:12:56.696,8.03596,8.03712,1.00,1.71
2018.05.15 10:12:56.799,8.03628,8.0374,1.00,1.00
2018.05.15 10:13:00.390,8.03601,8.03714,1.00,1.00
2018.05.15 10:13:00.516,8.03621,8.03734,1.00,1.00
2018.05.15 10:13:00.826,8.03511,8.03618,1.00,1.00
2018.05.15 10:13:00.879,8.03485,8.03597,1.00,1.00
2018.05.15 10:13:00.931,8.03485,8.0359,1.00,1.00
2018.05.15 10:13:00.982,8.0345,8.03561,1.00,1.00
2018.05.15 10:13:01.087,8.03434,8.03547,1.00,1.00
2018.05.15 10:13:01.496,8.03464,8.03576,1.00,1.00
2018.05.15 10:13:02.224,8.03449,8.03562,1.00,1.00
2018.05.15 10:13:02.562,8.03463,8.03575,1.00,1.00
2018.05.15 10:13:03.941,8.03447,8.03559,1.00,1.00
2018.05.15 10:13:04.266,8.03422,8.03534,1.00,1.00
2018.05.15 10:13:04.576,8.03422,8.0353,1.00,1.00
2018.05.15 10:13:04.921,8.034,8.03512,1.00,1.00
2018.05.15 10:13:10.216,8.03416,8.03512,1.12,1.00
2018.05.15 10:13:10.269,8.03474,8.03586,1.00,1.00
2018.05.15 10:13:10.372,8.03512,8.03624,1.00,1.00
2018.05.15 10:13:10.794,8.03537,8.03649,1.00,1.00
2018.05.15 10:13:10.948,8.03575,8.03688,1.00,1.00
2018.05.15 10:13:11.051,8.03589,8.03701,1.00,1.00
2018.05.15 10:13:15.461,8.03572,8.03684,1.00,1.00
2018.05.15 10:13:15.950,8.03558,8.03671,1.00,1.00
2018.05.15 10:13:16.155,8.03546,8.03656,1.00,1.00
2018.05.15 10:13:17.270,8.03559,8.0367,1.00,1.00
2018.05.15 10:13:17.372,8.03545,8.03657,1.00,1.00
2018.05.15 10:13:17.626,8.03566,8.03676,1.00,1.00
2018.05.15 10:13:20.009,8.0355,8.03662,1.00,1.00
2018.05.15 10:13:20.112,8.03523,8.03636,1.00,1.00
2018.05.15 10:13:20.215,8.03511,8.03624,1.00,1.00
2018.05.15 10:13:20.619,8.03511,8.03613,1.00,1.00
2018.05.15 10:13:20.776,8.03442,8.03554,1.00,1.00
2018.05.15 10:13:21.632,8.0343,8.03542,1.00,1.00
2018.05.15 10:13:21.940,8.03414,8.03527,1.00,1.00
2018.05.15 10:13:23.553,8.03398,8.03511,1.00,1.00
2018.05.15 10:13:24.097,8.03398,8.03511,1.00,1.37
2018.05.15 10:13:24.211,8.03398,8.03511,1.00,1.00
2018.05.15 10:13:24.880,8.03367,8.0348,1.00,1.00
2018.05.15 10:13:32.393,8.03355,8.03465,1.00,1.00
2018.05.15 10:13:40.112,8.03355,8.03464,1.00,1.00
2018.05.15 10:13:40.367,8.03337,8.03449,1.00,1.00
2018.05.15 10:13:43.184,8.03337,8.0344,1.00,1.00
2018.05.15 10:13:44.823,8.03337,8.03442,1.00,1.00
2018.05.15 10:13:44.926,8.03337,8.03439,1.00,1.00
2018.05.15 10:13:46.108,8.03337,8.03436,1.00,1.00
2018.05.15 10:13:46.160,8.03321,8.03433,1.00,1.00
2018.05.15 10:13:50.136,8.03336,8.03449,1.75,1.00
2018.05.15 10:13:50.447,8.03454,8.03564,1.00,1.00
2018.05.15 10:13:51.174,8.0344,8.03553,1.00,1.00
2018.05.15 10:13:51.277,8.03447,8.03553,1.00,1.00
2018.05.15 10:13:52.373,8.03456,8.03567,1.00,1.00
2018.05.15 10:13:52.888,8.03456,8.03563,1.00,1.37
2018.05.15 10:13:52.939,8.03456,8.03564,1.00,1.00
2018.05.15 10:13:52.992,8.03401,8.03513,1.37,1.00
2018.05.15 10:13:53.094,8.03449,8.03562,1.00,1.00
2018.05.15 10:13:53.300,8.03429,8.03541,1.00,1.00
2018.05.15 10:13:53.403,8.03408,8.03521,1.00,1.00
2018.05.15 10:13:53.510,8.03394,8.03506,1.00,1.00
2018.05.15 10:13:56.623,8.03394,8.03502,1.00,1.00
2018.05.15 10:13:56.954,8.03394,8.03506,1.00,1.00
2018.05.15 10:13:59.726,8.03382,8.03492,1.00,1.00
2018.05.15 10:14:03.213,8.03382,8.03492,1.00,1.37
2018.05.15 10:14:03.317,8.03338,8.0345,1.00,1.00
2018.05.15 10:14:09.378,8.03339,8.0345,1.00,1.00
2018.05.15 10:14:09.430,8.03359,8.03469,1.00,1.00
2018.05.15 10:14:09.814,8.03386,8.03496,1.00,1.00
2018.05.15 10:14:14.383,8.03397,8.03509,1.00,1.00
2018.05.15 10:14:21.089,8.0337,8.03482,1.00,1.00
2018.05.15 10:14:21.414,8.03275,8.03357,1.00,1.00
2018.05.15 10:14:21.516,8.03254,8.03357,1.00,1.00
2018.05.15 10:14:21.617,8.03243,8.03337,1.00,1.00
2018.05.15 10:14:22.436,8.03252,8.03337,1.00,1.00
2018.05.15 10:14:22.488,8.03255,8.03354,1.00,1.00
2018.05.15 10:14:22.539,8.03289,8.03354,1.00,1.00
2018.05.15 10:14:22.590,8.03304,8.03416,1.00,1.00
2018.05.15 10:14:22.743,8.03314,8.03416,1.00,1.00
2018.05.15 10:14:22.794,8.03318,8.0343,1.00,1.00
2018.05.15 10:14:24.389,8.03324,8.0343,1.00,1.00
2018.05.15 10:14:27.164,8.03345,8.03457,1.00,1.00
2018.05.15 10:14:31.109,8.03359,8.03471,1.00,1.00
2018.05.15 10:14:32.563,8.03313,8.03422,1.00,1.00
2018.05.15 10:14:32.660,8.03294,8.03404,1.00,1.00
2018.05.15 10:14:32.712,8.03294,8.03399,1.00,1.00
2018.05.15 10:14:32.764,8.03265,8.03376,1.00,1.00
2018.05.15 10:14:32.867,8.03244,8.03355,1.00,1.00
2018.05.15 10:14:32.919,8.03255,8.03367,1.00,1.00
2018.05.15 10:14:33.174,8.03242,8.03352,1.00,1.00
2018.05.15 10:14:33.428,8.03227,8.0334,1.00,1.00
2018.05.15 10:14:33.479,8.03244,8.03356,1.00,1.00
2018.05.15 10:14:35.126,8.03228,8.03341,1.00,1.00
2018.05.15 10:14:35.177,8.03242,8.03354,1.00,1.00
2018.05.15 10:14:35.651,8.03226,8.03338,1.00,1.00
2018.05.15 10:14:36.006,8.03243,8.03354,1.00,1.00
2018.05.15 10:14:36.253,8.03226,8.03338,1.00,1.00
2018.05.15 10:14:36.355,8.03244,8.03356,1.00,1.00
2018.05.15 10:14:36.852,8.03226,8.03338,1.00,1.00
2018.05.15 10:14:36.904,8.03242,8.03355,1.00,1.00
2018.05.15 10:14:37.410,8.03227,8.03337,1.00,1.00
2018.05.15 10:14:37.511,8.03243,8.03354,1.00,1.00
2018.05.15 10:14:37.995,8.03226,8.03338,1.00,1.00
2018.05.15 10:14:38.133,8.03243,8.03354,1.00,1.00
2018.05.15 10:14:38.561,8.03226,8.03338,1.00,1.00
2018.05.15 10:14:38.664,8.03242,8.03353,1.00,1.00
2018.05.15 10:14:39.100,8.03227,8.03337,1.00,1.00
2018.05.15 10:14:39.203,8.03242,8.03354,1.00,1.00
2018.05.15 10:14:39.614,8.03226,8.03338,1.00,1.00
2018.05.15 10:14:39.921,8.03156,8.03227,1.00,1.00
2018.05.15 10:14:40.076,8.03105,8.03193,1.00,1.00
2018.05.15 10:14:40.128,8.03133,8.03245,1.00,1.00
2018.05.15 10:14:43.789,8.03114,8.03227,1.00,1.00
2018.05.15 10:14:43.840,8.03114,8.03224,1.00,1.00
2018.05.15 10:14:43.892,8.03093,8.03206,1.00,1.00
2018.05.15 10:14:44.249,8.03079,8.03191,1.00,1.00
2018.05.15 10:14:44.735,8.03097,8.03209,1.00,1.00
2018.05.15 10:14:46.340,8.03102,8.03209,1.00,1.00
2018.05.15 10:14:46.493,8.03124,8.03235,1.00,1.00
2018.05.15 10:14:47.606,8.03109,8.03217,1.00,1.00
2018.05.15 10:14:48.500,8.03105,8.03217,1.00,1.00
2018.05.15 10:14:48.654,8.03105,8.03213,1.00,1.00
2018.05.15 10:14:48.706,8.03086,8.03196,1.00,1.50
2018.05.15 10:14:48.808,8.03071,8.03183,1.00,1.00
2018.05.15 10:14:48.911,8.03045,8.03157,1.00,1.00
2018.05.15 10:14:49.218,8.03083,8.03173,1.00,1.00
2018.05.15 10:14:49.270,8.03093,8.03189,1.00,1.00
2018.05.15 10:14:49.322,8.03101,8.03189,1.00,1.00
2018.05.15 10:14:49.464,8.03099,8.03189,1.00,1.00
2018.05.15 10:14:50.257,8.03112,8.03222,1.00,1.00
2018.05.15 10:14:52.386,8.03092,8.03204,1.00,1.00
2018.05.15 10:14:59.535,8.03131,8.03243,1.00,1.00
2018.05.15 10:14:59.842,8.03173,8.03285,1.00,1.00
2018.05.15 10:15:00.170,8.03187,8.033,1.00,1.00
2018.05.15 10:15:00.804,8.03206,8.03318,1.00,1.00
2018.05.15 10:15:02.418,8.03187,8.03297,1.00,1.00
2018.05.15 10:15:04.259,8.03211,8.03318,1.00,1.00
2018.05.15 10:15:04.311,8.03211,8.03322,1.00,1.00
2018.05.15 10:15:05.520,8.03197,8.03309,1.00,1.00
2018.05.15 10:15:07.722,8.03224,8.03333,1.00,1.00
2018.05.15 10:15:07.774,8.03224,8.03336,1.00,1.00
2018.05.15 10:15:08.066,8.03237,8.0335,1.00,1.00
2018.05.15 10:15:10.087,8.03217,8.03329,1.00,1.00
2018.05.15 10:15:13.797,8.03232,8.03345,1.00,1.00
2018.05.15 10:15:16.541,8.03232,8.03339,1.00,1.00
2018.05.15 10:15:16.643,8.03215,8.03328,1.00,1.00
2018.05.15 10:15:17.578,8.03195,8.03307,1.00,1.00
2018.05.15 10:15:18.421,8.03194,8.03307,1.00,1.00
2018.05.15 10:15:25.184,8.03209,8.03319,1.00,1.00
2018.05.15 10:15:27.141,8.03221,8.03334,1.00,1.00
2018.05.15 10:15:31.450,8.03245,8.03355,1.00,1.00
2018.05.15 10:15:31.501,8.03231,8.03343,1.00,1.00
2018.05.15 10:15:32.507,8.03257,8.03369,1.00,1.00
2018.05.15 10:15:32.816,8.033,8.03413,1.00,1.00
2018.05.15 10:15:34.006,8.03279,8.03392,1.00,1.00
2018.05.15 10:15:35.766,8.03268,8.03378,1.00,1.00
2018.05.15 10:15:38.021,8.03251,8.03363,1.00,1.00
2018.05.15 10:15:42.417,8.03269,8.0338,1.00,1.00
2018.05.15 10:15:42.772,8.03257,8.03369,1.00,1.00
2018.05.15 10:15:45.398,8.03271,8.03382,1.00,1.00
2018.05.15 10:15:49.012,8.03284,8.03397,1.00,1.00
2018.05.15 10:15:49.321,8.03273,8.03385,1.00,1.00
2018.05.15 10:15:50.178,8.0329,8.03403,1.00,1.00
2018.05.15 10:15:52.956,8.03302,8.03414,1.00,1.00
2018.05.15 10:16:01.763,8.03314,8.03426,1.00,1.00
2018.05.15 10:16:03.394,8.03295,8.03407,1.00,1.00
2018.05.15 10:16:11.596,8.03282,8.03392,1.00,1.00
2018.05.15 10:16:11.699,8.03246,8.03358,1.00,1.00
2018.05.15 10:16:11.751,8.03246,8.03358,1.00,1.37
2018.05.15 10:16:12.045,8.03246,8.03358,1.00,1.00
2018.05.15 10:16:12.301,8.03269,8.03382,1.00,1.00
2018.05.15 10:16:12.476,8.03283,8.03395,1.00,1.00
2018.05.15 10:16:17.867,8.033,8.03412,1.00,1.00
2018.05.15 10:16:19.233,8.0332,8.03432,1.00,1.00
2018.05.15 10:16:19.549,8.03332,8.03444,1.50,1.00
2018.05.15 10:16:19.913,8.03346,8.03457,1.00,1.00
2018.05.15 10:16:20.433,8.03329,8.03442,1.00,1.00
2018.05.15 10:16:23.533,8.03342,8.03454,1.00,1.00
2018.05.15 10:16:26.917,8.03352,8.03454,1.00,1.00
2018.05.15 10:16:27.122,8.0339,8.03501,1.00,1.00
2018.05.15 10:16:27.328,8.03409,8.03522,1.00,1.00
2018.05.15 10:16:28.736,8.0343,8.03542,1.00,1.00
2018.05.15 10:16:28.840,8.03456,8.03569,1.00,1.00
2018.05.15 10:16:28.943,8.03444,8.03556,1.00,1.00
2018.05.15 10:16:29.264,8.0343,8.03542,1.00,1.00
2018.05.15 10:16:29.367,8.03416,8.03529,1.00,1.00
2018.05.15 10:16:29.481,8.03436,8.03549,1.00,1.00
2018.05.15 10:16:29.838,8.03397,8.03507,1.00,1.00
2018.05.15 10:16:30.756,8.03382,8.03494,1.00,1.00
2018.05.15 10:16:31.354,8.03395,8.03507,1.00,1.00
2018.05.15 10:16:31.780,8.03382,8.03494,1.00,1.00
2018.05.15 10:16:33.700,8.03404,8.03517,1.00,1.00
2018.05.15 10:16:34.644,8.03391,8.03503,1.00,1.00
2018.05.15 10:16:34.903,8.03409,8.03522,1.00,1.00
2018.05.15 10:16:36.688,8.03397,8.03507,1.00,1.00
2018.05.15 10:16:37.175,8.03382,8.03495,1.00,1.00
2018.05.15 10:16:37.868,8.03369,8.03479,1.00,1.00
2018.05.15 10:16:38.536,8.03352,8.03464,1.00,1.00
2018.05.15 10:16:38.741,8.03331,8.03443,1.00,1.00
2018.05.15 10:16:39.813,8.03344,8.03457,1.00,1.00
2018.05.15 10:16:40.696,8.03357,8.03469,1.00,1.50
2018.05.15 10:16:43.897,8.03371,8.03483,1.00,1.00
2018.05.15 10:16:44.258,8.03384,8.03496,1.00,1.00
2018.05.15 10:16:48.319,8.03364,8.03474,1.00,1.00
2018.05.15 10:16:48.475,8.0335,8.03461,1.00,1.00
2018.05.15 10:16:49.049,8.03364,8.03474,1.00,1.00
2018.05.15 10:16:49.224,8.03376,8.03488,1.00,1.00
2018.05.15 10:16:51.547,8.03376,8.03489,1.00,1.00
2018.05.15 10:16:51.701,8.03395,8.03507,1.00,1.00
2018.05.15 10:16:54.186,8.03395,8.035,1.00,1.00
2018.05.15 10:16:54.340,8.03365,8.03478,1.00,1.00
2018.05.15 10:16:54.848,8.03378,8.03489,1.00,1.00
2018.05.15 10:17:04.208,8.03357,8.0347,1.00,1.00
2018.05.15 10:17:06.229,8.03327,8.03437,1.00,1.00
2018.05.15 10:17:13.441,8.03312,8.03422,1.00,1.00
2018.05.15 10:17:13.749,8.03324,8.03437,1.00,1.00
2018.05.15 10:17:14.684,8.03339,8.03451,1.00,1.00
2018.05.15 10:17:16.788,8.03357,8.03459,1.00,1.00
2018.05.15 10:17:17.244,8.03344,8.03456,1.00,1.00
2018.05.15 10:17:18.513,8.03361,8.03471,1.00,1.00
2018.05.15 10:17:28.633,8.03346,8.03459,1.00,1.00
2018.05.15 10:17:37.437,8.0337,8.03482,1.00,1.00
2018.05.15 10:17:37.747,8.03323,8.03435,1.00,1.00
2018.05.15 10:17:38.463,8.03342,8.03454,1.00,1.00
2018.05.15 10:17:41.281,8.03342,8.03452,1.00,1.00
2018.05.15 10:17:41.680,8.03326,8.03436,1.00,1.00
2018.05.15 10:17:41.886,8.03312,8.03424,1.00,1.00
2018.05.15 10:17:41.988,8.03312,8.03421,1.00,1.00
2018.05.15 10:17:42.331,8.03312,8.03424,1.00,1.00
2018.05.15 10:17:47.707,8.03312,8.0342,1.00,1.50
2018.05.15 10:17:47.964,8.03285,8.03395,1.00,1.00
2018.05.15 10:17:48.428,8.03285,8.03389,1.00,1.00
2018.05.15 10:17:48.480,8.03272,8.03384,1.00,1.00
2018.05.15 10:17:49.229,8.03258,8.03371,1.00,1.00
2018.05.15 10:17:50.305,8.03258,8.03369,1.00,1.00
2018.05.15 10:17:50.493,8.03229,8.03341,1.00,1.00
2018.05.15 10:17:50.645,8.03229,8.0333,1.00,1.00
2018.05.15 10:17:50.747,8.03213,8.03325,1.00,1.00
2018.05.15 10:17:51.234,8.03228,8.03339,1.00,1.00
2018.05.15 10:17:55.158,8.03257,8.03358,1.00,1.00
2018.05.15 10:17:55.260,8.03243,8.03356,1.00,1.00
2018.05.15 10:18:00.431,8.03259,8.0337,1.00,1.00
2018.05.15 10:18:01.565,8.03274,8.03386,1.00,1.00
2018.05.15 10:18:02.851,8.03274,8.03378,1.00,1.00
2018.05.15 10:18:03.052,8.03274,8.03382,1.00,1.00
2018.05.15 10:18:03.252,8.03274,8.03378,1.00,1.00
2018.05.15 10:18:03.547,8.03274,8.03382,1.00,1.00
2018.05.15 10:18:06.441,8.03274,8.03385,1.00,1.00
2018.05.15 10:18:07.392,8.03274,8.03384,1.00,1.00
2018.05.15 10:18:10.437,8.03274,8.03386,1.00,1.00
2018.05.15 10:18:11.135,8.03274,8.03382,1.00,1.00
2018.05.15 10:18:12.028,8.03274,8.03386,1.00,1.50
2018.05.15 10:18:18.108,8.03291,8.03404,1.00,1.50
2018.05.15 10:18:18.296,8.03305,8.03417,1.00,1.00
2018.05.15 10:18:18.798,8.03306,8.03418,1.00,1.00
2018.05.15 10:18:19.138,8.03291,8.03401,1.00,1.00
2018.05.15 10:18:21.777,8.03277,8.03389,1.00,1.00
2018.05.15 10:18:26.763,8.03243,8.03355,1.00,1.00
2018.05.15 10:18:27.307,8.03199,8.03311,1.00,1.00
2018.05.15 10:18:36.027,8.03213,8.03326,1.00,1.00
2018.05.15 10:18:36.078,8.03229,8.03332,1.00,1.00
2018.05.15 10:18:36.180,8.03229,8.03336,1.00,1.00
2018.05.15 10:18:36.460,8.03229,8.03339,1.00,1.00
2018.05.15 10:18:36.567,8.03229,8.03342,1.00,1.50
2018.05.15 10:18:36.795,8.03229,8.03338,1.00,1.00
2018.05.15 10:18:36.846,8.03208,8.03321,1.00,1.00
2018.05.15 10:18:40.749,8.03222,8.03329,1.00,1.00
2018.05.15 10:18:41.129,8.03222,8.03334,1.00,1.50
2018.05.15 10:18:43.690,8.03235,8.03345,1.00,1.00
2018.05.15 10:18:43.742,8.03235,8.03348,1.00,1.00
2018.05.15 10:18:45.102,8.03235,8.03344,1.00,1.00
2018.05.15 10:18:47.902,8.0322,8.03332,1.00,1.00
2018.05.15 10:18:48.198,8.0322,8.03327,1.00,1.00
2018.05.15 10:18:48.250,8.03198,8.03312,1.00,1.00
2018.05.15 10:18:49.962,8.03193,8.03312,1.00,1.00
2018.05.15 10:18:55.068,8.03206,8.03325,1.00,1.00
2018.05.15 10:19:00.162,8.03192,8.03311,1.00,1.00
2018.05.15 10:19:00.475,8.03208,8.03327,1.00,1.00
2018.05.15 10:19:10.434,8.03226,8.03345,1.00,1.00
2018.05.15 10:19:18.409,8.03226,8.03343,1.00,1.00
2018.05.15 10:19:19.264,8.03226,8.03342,1.00,1.00
2018.05.15 10:19:20.453,8.03224,8.03321,1.00,1.00
2018.05.15 10:19:20.505,8.03211,8.03321,1.00,1.00
2018.05.15 10:19:21.492,8.03198,8.0331,1.50,1.00
2018.05.15 10:19:21.595,8.03212,8.03324,1.00,1.00
2018.05.15 10:19:24.159,8.03225,8.03337,1.00,1.00
2018.05.15 10:19:25.345,8.03237,8.03337,1.00,1.00
2018.05.15 10:19:25.397,8.03237,8.03349,1.00,1.00
2018.05.15 10:19:25.449,8.03261,8.03369,1.00,1.00
2018.05.15 10:19:25.758,8.03296,8.03396,1.00,1.00
2018.05.15 10:19:25.882,8.03296,8.03408,1.00,1.00
2018.05.15 10:19:26.328,8.03323,8.03408,1.00,1.00
2018.05.15 10:19:26.481,8.03323,8.03412,1.00,1.00
2018.05.15 10:19:26.532,8.03323,8.0343,1.00,1.00
2018.05.15 10:19:26.583,8.03323,8.03436,1.00,1.00
2018.05.15 10:19:26.635,8.03357,8.03452,1.00,1.50
2018.05.15 10:19:26.864,8.0337,8.03474,1.00,1.00
2018.05.15 10:19:26.915,8.03384,8.03474,1.00,1.00
2018.05.15 10:19:27.561,8.03404,8.0349,1.00,1.00
2018.05.15 10:19:27.664,8.03404,8.03501,1.00,1.00
2018.05.15 10:19:27.716,8.03404,8.03495,1.00,1.00
2018.05.15 10:19:27.768,8.03404,8.03499,1.00,1.00
2018.05.15 10:19:27.820,8.03404,8.03496,1.00,1.00
2018.05.15 10:19:28.167,8.03404,8.03492,1.00,1.00
2018.05.15 10:19:28.673,8.03404,8.03485,1.00,1.00
2018.05.15 10:19:29.143,8.03404,8.03503,1.00,1.00
2018.05.15 10:19:29.195,8.03404,8.03507,1.00,1.00
2018.05.15 10:19:29.451,8.03418,8.03507,1.00,1.00
2018.05.15 10:19:29.889,8.03418,8.035,1.00,1.00
2018.05.15 10:19:29.992,8.03402,8.035,1.00,1.00
2018.05.15 10:19:30.405,8.03402,8.03504,1.00,1.00
2018.05.15 10:19:32.287,8.03403,8.03504,1.00,1.00
2018.05.15 10:19:32.340,8.03423,8.03504,1.00,1.00
2018.05.15 10:19:32.462,8.03423,8.03515,1.00,1.00
2018.05.15 10:19:35.054,8.0341,8.03515,1.00,1.00
2018.05.15 10:19:35.693,8.0341,8.03514,1.00,1.00
2018.05.15 10:19:35.745,8.0341,8.0351,1.00,1.00
2018.05.15 10:19:35.955,8.03393,8.03506,1.00,1.00
2018.05.15 10:19:36.007,8.03393,8.03467,1.00,1.00
2018.05.15 10:19:36.110,8.03319,8.03432,1.00,1.00
2018.05.15 10:19:36.161,8.03319,8.03428,1.00,1.00
2018.05.15 10:19:36.315,8.03303,8.03415,1.00,1.00
2018.05.15 10:19:36.418,8.03303,8.03402,1.00,1.00
2018.05.15 10:19:37.324,8.03303,8.03403,1.00,1.00
2018.05.15 10:19:37.701,8.03303,8.03387,1.00,1.00
2018.05.15 10:19:39.086,8.03303,8.03403,1.00,1.00
2018.05.15 10:19:39.635,8.03287,8.03403,1.00,1.00
2018.05.15 10:19:40.033,8.03308,8.03403,1.00,1.00
2018.05.15 10:19:40.189,8.03308,8.03416,1.00,1.00
2018.05.15 10:19:40.241,8.03284,8.0341,1.00,1.00
2018.05.15 10:19:40.446,8.03304,8.0342,1.00,1.00
2018.05.15 10:19:40.981,8.03304,8.03421,1.00,1.00
2018.05.15 10:19:41.792,8.03292,8.03402,1.00,1.00
2018.05.15 10:19:45.752,8.03276,8.03388,1.00,1.00
2018.05.15 10:19:46.221,8.03292,8.03398,1.00,1.00
2018.05.15 10:19:46.561,8.03292,8.03394,1.00,1.00
2018.05.15 10:19:46.711,8.03277,8.03389,1.00,1.00
2018.05.15 10:19:48.066,8.03262,8.03375,1.00,1.00
2018.05.15 10:19:48.813,8.03277,8.03387,1.00,1.00
2018.05.15 10:19:49.517,8.03229,8.03334,1.00,1.00
2018.05.15 10:19:49.673,8.03229,8.03336,1.00,1.00
2018.05.15 10:19:50.688,8.03229,8.03341,1.00,1.00
2018.05.15 10:19:50.740,8.03229,8.03333,1.00,1.00
2018.05.15 10:19:50.996,8.03229,8.03339,1.00,1.00
2018.05.15 10:19:52.330,8.03229,8.03341,1.00,1.00
2018.05.15 10:19:52.381,8.03242,8.0335,1.00,1.00
2018.05.15 10:19:52.585,8.0323,8.03341,1.00,1.00
2018.05.15 10:19:52.636,8.0323,8.03343,1.00,1.00
2018.05.15 10:19:52.740,8.0323,8.03337,1.00,1.00
2018.05.15 10:19:53.045,8.0323,8.03332,1.00,1.00
2018.05.15 10:19:54.542,8.03219,8.03304,1.00,1.00
2018.05.15 10:19:54.645,8.03165,8.03275,1.00,1.00
2018.05.15 10:19:54.697,8.03165,8.03256,1.00,1.00
2018.05.15 10:19:54.749,8.03147,8.03256,1.00,1.00
2018.05.15 10:19:54.801,8.03147,8.03253,1.00,1.00
2018.05.15 10:19:54.955,8.03109,8.03221,1.00,1.00
2018.05.15 10:19:56.129,8.03123,8.03228,1.00,1.00
2018.05.15 10:19:56.864,8.03123,8.03215,1.00,1.00
2018.05.15 10:19:58.160,8.03123,8.03219,1.00,1.00
2018.05.15 10:19:58.800,8.03137,8.03226,1.00,1.00
2018.05.15 10:19:59.122,8.03137,8.03217,1.00,1.00
2018.05.15 10:19:59.836,8.03137,8.0322,1.00,1.00
2018.05.15 10:19:59.892,8.03137,8.03222,1.00,1.00
2018.05.15 10:20:00.519,8.03122,8.03222,1.00,1.00
2018.05.15 10:20:02.006,8.03122,8.03218,1.00,1.00
2018.05.15 10:20:02.687,8.03122,8.03202,1.00,1.00
2018.05.15 10:20:02.738,8.03069,8.03182,1.00,1.00
2018.05.15 10:20:03.863,8.03031,8.03143,1.00,1.00
2018.05.15 10:20:04.311,8.03022,8.03124,1.00,1.00
2018.05.15 10:20:04.415,8.02965,8.03077,1.00,1.00
2018.05.15 10:20:04.467,8.02953,8.03065,1.00,1.00
2018.05.15 10:20:04.786,8.02952,8.03036,1.00,1.00
2018.05.15 10:20:05.536,8.02952,8.03019,1.00,1.00
2018.05.15 10:20:05.640,8.02942,8.03036,1.00,1.00
2018.05.15 10:20:05.691,8.02932,8.03036,1.00,1.00
2018.05.15 10:20:05.743,8.02923,8.03036,1.50,1.00
2018.05.15 10:20:05.795,8.02929,8.03036,1.00,1.00
2018.05.15 10:20:05.898,8.02951,8.03064,1.00,1.00
2018.05.15 10:20:06.202,8.02971,8.03084,1.00,1.00
2018.05.15 10:20:07.154,8.02955,8.03068,1.37,1.00
2018.05.15 10:20:07.458,8.02969,8.03081,1.00,1.00
2018.05.15 10:20:08.190,8.02954,8.03067,1.37,1.00
2018.05.15 10:20:08.293,8.02982,8.03095,1.00,1.00
2018.05.15 10:20:09.288,8.02985,8.03095,1.00,1.00
2018.05.15 10:20:10.134,8.02982,8.03095,1.50,1.00
2018.05.15 10:20:11.963,8.02983,8.03095,1.00,1.00
2018.05.15 10:20:13.182,8.02982,8.03095,1.12,1.00
2018.05.15 10:20:13.233,8.02985,8.03095,1.00,1.00
2018.05.15 10:20:13.285,8.02982,8.03095,1.12,1.00
2018.05.15 10:20:20.730,8.02962,8.03073,1.00,1.00
2018.05.15 10:20:21.058,8.02931,8.03041,1.00,1.00
2018.05.15 10:20:21.213,8.02943,8.03055,1.00,1.00
2018.05.15 10:20:21.265,8.02929,8.03041,1.00,1.00
2018.05.15 10:20:21.474,8.029,8.03013,1.00,1.00
2018.05.15 10:20:21.669,8.02899,8.02999,1.00,1.00
2018.05.15 10:20:21.821,8.02901,8.03014,1.00,1.00
2018.05.15 10:20:22.041,8.029,8.02999,1.37,1.00
2018.05.15 10:20:22.145,8.02901,8.03014,1.37,1.00
2018.05.15 10:20:22.247,8.02901,8.02999,1.37,1.00
2018.05.15 10:20:22.350,8.02901,8.03011,1.37,1.00
2018.05.15 10:20:22.645,8.02899,8.02999,1.37,1.00
2018.05.15 10:20:22.696,8.02901,8.03014,1.37,1.00
2018.05.15 10:20:22.798,8.02899,8.03001,1.37,1.00
2018.05.15 10:20:23.064,8.02912,8.03025,1.00,1.00
2018.05.15 10:20:23.424,8.029,8.03012,1.00,1.00
2018.05.15 10:20:23.747,8.02913,8.03024,1.00,1.00
2018.05.15 10:20:24.343,8.02922,8.03024,1.00,1.00
2018.05.15 10:20:24.883,8.02935,8.03047,1.00,1.00
2018.05.15 10:20:26.165,8.02952,8.03065,1.00,1.00
2018.05.15 10:20:27.243,8.02963,8.03065,1.00,1.00
2018.05.15 10:20:27.294,8.02952,8.03065,1.00,1.00
2018.05.15 10:20:27.346,8.02942,8.03052,1.87,1.00
2018.05.15 10:20:27.449,8.02967,8.03073,1.00,1.00
2018.05.15 10:20:27.654,8.02977,8.03089,1.00,1.00
2018.05.15 10:20:27.928,8.02963,8.03076,1.00,1.00
2018.05.15 10:20:28.349,8.0296,8.03061,1.00,1.00
2018.05.15 10:20:28.457,8.02972,8.03084,1.00,1.00
2018.05.15 10:20:28.624,8.0296,8.03067,1.00,1.00
2018.05.15 10:20:28.727,8.02974,8.03085,1.00,1.00
2018.05.15 10:20:28.933,8.02992,8.03104,1.00,1.00
2018.05.15 10:20:29.141,8.02997,8.03104,1.37,1.00
2018.05.15 10:20:29.377,8.03019,8.03129,1.00,1.00
2018.05.15 10:20:29.479,8.03031,8.03141,1.00,1.00
2018.05.15 10:20:29.686,8.03063,8.03174,1.00,1.00
2018.05.15 10:20:29.944,8.03049,8.03161,1.00,1.00
2018.05.15 10:20:30.046,8.03066,8.03178,1.00,1.00
2018.05.15 10:20:31.167,8.03079,8.03192,1.00,1.00
2018.05.15 10:20:31.325,8.03079,8.03192,1.37,1.00
2018.05.15 10:20:31.427,8.03093,8.03205,1.00,1.00
2018.05.15 10:20:32.893,8.03111,8.03224,1.00,1.00
2018.05.15 10:20:33.147,8.03122,8.03224,1.00,1.00
2018.05.15 10:20:33.198,8.0313,8.03242,1.00,1.00
2018.05.15 10:20:33.300,8.03122,8.0323,1.00,1.00
2018.05.15 10:20:34.317,8.03118,8.0323,1.00,1.00
2018.05.15 10:20:34.599,8.03106,8.03217,1.00,1.00
2018.05.15 10:20:38.014,8.03106,8.0321,1.00,1.00
2018.05.15 10:20:38.117,8.03072,8.03179,1.00,1.00
2018.05.15 10:20:38.218,8.03079,8.03192,1.00,1.00
2018.05.15 10:20:40.474,8.03046,8.03159,1.00,1.00
2018.05.15 10:20:40.779,8.03016,8.03123,1.00,1.00
2018.05.15 10:20:40.881,8.02968,8.0308,1.00,1.00
2018.05.15 10:20:40.933,8.02949,8.0305,1.00,1.00
2018.05.15 10:20:40.984,8.0294,8.0305,1.00,1.00
2018.05.15 10:20:41.238,8.02906,8.03018,1.00,1.00
2018.05.15 10:20:41.395,8.02883,8.02995,1.00,1.00
2018.05.15 10:20:46.023,8.02896,8.03009,1.00,1.00
2018.05.15 10:20:47.102,8.02875,8.02988,1.00,1.00
2018.05.15 10:20:48.145,8.02889,8.03001,1.00,1.00
2018.05.15 10:21:01.218,8.02862,8.02972,1.00,1.00
2018.05.15 10:21:01.796,8.02874,8.02986,1.00,1.00
2018.05.15 10:21:02.003,8.02887,8.03,1.00,1.00
2018.05.15 10:21:04.496,8.02887,8.02986,1.00,1.00
2018.05.15 10:21:04.548,8.02858,8.02966,1.00,1.00
2018.05.15 10:21:07.323,8.02857,8.02966,1.00,1.00
2018.05.15 10:21:07.426,8.02854,8.02966,1.00,1.00
2018.05.15 10:21:10.408,8.02868,8.0298,1.00,1.00
2018.05.15 10:21:10.884,8.02896,8.03006,1.00,1.00
2018.05.15 10:21:16.205,8.0288,8.0299,1.00,1.00
2018.05.15 10:21:16.331,8.02878,8.0299,1.00,1.00
2018.05.15 10:21:17.917,8.02864,8.02976,1.00,1.00
2018.05.15 10:21:21.069,8.0285,8.02963,1.00,1.00
2018.05.15 10:21:24.049,8.02836,8.02948,1.00,1.00
2018.05.15 10:21:26.048,8.02821,8.02933,1.00,1.00
2018.05.15 10:21:33.240,8.02809,8.02921,1.00,1.00
2018.05.15 10:21:33.551,8.02793,8.02904,1.00,1.00
2018.05.15 10:21:36.295,8.02775,8.02887,1.00,1.00
2018.05.15 10:21:36.398,8.02756,8.02854,1.00,1.00
2018.05.15 10:21:36.450,8.02741,8.02854,1.00,1.00
2018.05.15 10:21:36.501,8.02729,8.02839,1.00,1.00
2018.05.15 10:21:36.706,8.0269,8.02802,1.00,1.00
2018.05.15 10:21:37.734,8.02666,8.02779,1.00,1.00
2018.05.15 10:21:45.922,8.02681,8.02793,1.00,1.00
2018.05.15 10:21:51.112,8.02668,8.02779,1.00,1.00
2018.05.15 10:21:51.215,8.02647,8.02759,1.00,1.00
2018.05.15 10:21:55.042,8.02631,8.02743,1.00,1.00
2018.05.15 10:21:55.381,8.02618,8.0273,1.00,1.00
2018.05.15 10:21:58.723,8.02604,8.02717,1.00,1.00
2018.05.15 10:22:00.483,8.02623,8.02733,1.00,1.00
2018.05.15 10:22:00.831,8.02608,8.02721,1.00,1.00
2018.05.15 10:22:02.847,8.02623,8.02733,1.00,1.00
2018.05.15 10:22:03.181,8.02609,8.0272,1.00,1.00
2018.05.15 10:22:09.032,8.02618,8.0272,1.00,1.00
2018.05.15 10:22:09.203,8.02635,8.02748,1.00,1.00
2018.05.15 10:22:26.196,8.02633,8.02745,1.00,1.00
2018.05.15 10:22:30.884,8.02621,8.02733,1.00,1.00
2018.05.15 10:22:35.888,8.02638,8.0275,1.00,1.00
2018.05.15 10:22:36.094,8.02651,8.02764,1.00,1.00
2018.05.15 10:22:49.825,8.02637,8.02749,1.00,1.00
2018.05.15 10:22:52.260,8.02654,8.02767,1.00,1.00
2018.05.15 10:22:52.904,8.0268,8.02792,1.00,1.00
2018.05.15 10:23:08.021,8.02674,8.02786,1.00,1.00
2018.05.15 10:23:13.636,8.02687,8.028,1.00,1.00
2018.05.15 10:23:13.688,8.02693,8.028,1.00,1.00
2018.05.15 10:23:13.945,8.02755,8.02867,1.00,1.00
2018.05.15 10:23:14.099,8.02782,8.02867,1.00,1.00
2018.05.15 10:23:14.151,8.02805,8.02917,1.00,1.00
2018.05.15 10:23:15.210,8.02818,8.0293,1.00,1.00
2018.05.15 10:23:15.609,8.02822,8.0293,1.00,1.00
2018.05.15 10:23:16.986,8.02834,8.02946,1.00,1.00
2018.05.15 10:23:17.089,8.02834,8.02946,1.00,1.97
2018.05.15 10:23:17.315,8.02712,8.02825,1.00,1.00
2018.05.15 10:23:17.468,8.02681,8.02792,1.00,1.00
2018.05.15 10:23:17.570,8.02642,8.02754,1.00,1.00
2018.05.15 10:23:17.621,8.02642,8.0274,1.00,1.00
2018.05.15 10:23:17.672,8.0262,8.02732,1.00,1.00
2018.05.15 10:23:17.776,8.02603,8.02716,1.00,1.00
2018.05.15 10:23:20.840,8.02619,8.02732,1.00,1.00
2018.05.15 10:23:23.868,8.02619,8.02726,1.00,1.00
2018.05.15 10:23:24.063,8.02604,8.02717,1.00,1.00
2018.05.15 10:23:40.963,8.02592,8.02705,1.00,1.00
2018.05.15 10:23:51.917,8.02607,8.02719,1.00,1.00
2018.05.15 10:23:52.348,8.02615,8.02719,1.00,1.00
2018.05.15 10:23:52.598,8.02628,8.0274,1.00,1.00
2018.05.15 10:23:52.860,8.02642,8.02752,1.00,1.00
2018.05.15 10:23:56.180,8.02661,8.02771,1.00,1.00
2018.05.15 10:24:02.285,8.02674,8.02786,1.00,1.00
2018.05.15 10:24:02.388,8.02677,8.02786,1.00,1.00
2018.05.15 10:24:02.440,8.02691,8.02804,1.00,1.00
2018.05.15 10:24:02.599,8.02703,8.02804,1.00,1.00
2018.05.15 10:24:02.710,8.02707,8.0282,1.00,1.00
2018.05.15 10:24:02.762,8.02711,8.0282,1.00,1.00
2018.05.15 10:24:02.814,8.02733,8.02843,1.00,1.00
2018.05.15 10:24:05.662,8.02705,8.02815,1.00,1.00
2018.05.15 10:24:05.765,8.02683,8.02794,1.00,1.00
2018.05.15 10:24:05.868,8.02669,8.02781,1.00,1.00
2018.05.15 10:24:06.621,8.0264,8.02753,1.00,1.00
2018.05.15 10:24:17.373,8.02655,8.02768,1.00,1.00
2018.05.15 10:24:19.189,8.02676,8.02788,1.00,1.00
2018.05.15 10:24:19.496,8.02697,8.02807,1.00,1.00
2018.05.15 10:24:20.405,8.02679,8.02775,1.00,1.00
2018.05.15 10:24:20.456,8.02662,8.02775,1.00,1.00
2018.05.15 10:24:20.508,8.02649,8.02761,1.00,1.00
2018.05.15 10:24:20.852,8.02622,8.02734,1.00,1.00
2018.05.15 10:24:21.793,8.02587,8.027,1.00,1.00
2018.05.15 10:24:21.998,8.02574,8.02686,1.00,1.00
2018.05.15 10:24:23.746,8.02587,8.027,1.00,1.00
2018.05.15 10:24:23.798,8.0259,8.027,1.00,1.00
2018.05.15 10:24:31.635,8.02587,8.027,1.00,1.00
2018.05.15 10:24:33.901,8.02587,8.02697,1.00,1.00
2018.05.15 10:24:33.953,8.02564,8.02677,1.00,1.00
2018.05.15 10:24:38.989,8.02579,8.02689,1.00,1.00
2018.05.15 10:24:45.346,8.02552,8.02664,1.00,1.00
2018.05.15 10:24:45.448,8.02539,8.02649,1.00,1.00
2018.05.15 10:24:46.746,8.02514,8.02624,1.00,1.00
2018.05.15 10:24:49.112,8.02517,8.02624,1.00,1.00
2018.05.15 10:24:49.164,8.02537,8.02647,1.00,1.00
2018.05.15 10:24:49.686,8.02564,8.02674,1.00,1.00
2018.05.15 10:24:54.854,8.0258,8.0269,1.00,1.00
2018.05.15 10:25:05.628,8.02562,8.02675,1.00,1.00
2018.05.15 10:25:15.012,8.02526,8.02617,1.00,1.00
2018.05.15 10:25:15.116,8.02486,8.02596,1.00,1.00
2018.05.15 10:25:20.177,8.025,8.0261,1.00,1.00
2018.05.15 10:25:20.957,8.02513,8.02625,1.00,1.00
2018.05.15 10:25:30.089,8.025,8.0261,1.00,1.00
2018.05.15 10:25:30.195,8.02482,8.02595,1.00,1.00
2018.05.15 10:25:32.947,8.02465,8.02578,1.00,1.00
2018.05.15 10:25:35.091,8.02479,8.02591,1.00,1.00
2018.05.15 10:25:48.952,8.02503,8.02615,1.00,1.00
2018.05.15 10:25:56.762,8.02474,8.02586,1.00,1.00
2018.05.15 10:25:57.067,8.02495,8.02606,1.00,1.00
2018.05.15 10:26:01.730,8.02482,8.02595,1.00,1.00
2018.05.15 10:26:01.933,8.0247,8.0258,1.00,1.00
2018.05.15 10:26:04.776,8.02457,8.02568,1.00,1.00
2018.05.15 10:26:04.878,8.02436,8.02548,1.00,1.00
2018.05.15 10:26:06.561,8.0245,8.02561,1.00,1.00
2018.05.15 10:26:08.034,8.02463,8.02575,1.00,1.00
2018.05.15 10:26:17.373,8.02479,8.02591,1.00,1.00
2018.05.15 10:26:23.265,8.02465,8.02578,1.00,1.00
2018.05.15 10:26:26.194,8.02452,8.02564,1.00,1.00
2018.05.15 10:26:31.522,8.02437,8.02549,1.00,1.00
2018.05.15 10:26:36.496,8.02415,8.02527,1.00,1.00
2018.05.15 10:26:38.830,8.02414,8.02527,1.00,1.00
2018.05.15 10:26:42.429,8.02402,8.02512,1.00,1.00
2018.05.15 10:26:44.067,8.02387,8.025,1.00,1.00
2018.05.15 10:26:44.355,8.0236,8.02473,1.00,1.00
2018.05.15 10:26:44.773,8.02347,8.02459,1.00,1.00
2018.05.15 10:26:45.053,8.0236,8.02473,1.00,1.00
2018.05.15 10:26:49.168,8.0238,8.02488,1.00,1.00
2018.05.15 10:26:49.271,8.02347,8.02459,1.00,1.00
2018.05.15 10:26:49.734,8.02328,8.02441,1.00,1.00
2018.05.15 10:26:52.431,8.02341,8.02451,1.00,1.00
2018.05.15 10:26:52.719,8.02354,8.02466,1.00,1.00
2018.05.15 10:26:52.899,8.02367,8.02479,1.00,1.00
2018.05.15 10:26:55.375,8.02367,8.02478,1.00,1.00
2018.05.15 10:26:55.426,8.02346,8.02458,1.00,1.00
2018.05.15 10:26:58.794,8.02361,8.02472,1.00,1.00
2018.05.15 10:27:05.439,8.02374,8.02486,1.00,1.00
2018.05.15 10:27:05.491,8.02387,8.025,1.00,1.00
2018.05.15 10:27:07.478,8.02373,8.02485,1.00,1.00
2018.05.15 10:27:20.142,8.02361,8.02474,1.00,1.00
2018.05.15 10:27:22.507,8.02364,8.02474,1.00,1.00
2018.05.15 10:27:22.610,8.02375,8.02488,1.00,1.00
2018.05.15 10:27:23.920,8.02389,8.02501,1.00,1.00
2018.05.15 10:27:46.244,8.02393,8.02504,1.00,1.00
2018.05.15 10:27:47.711,8.02379,8.02491,1.00,1.00
2018.05.15 10:27:47.816,8.0236,8.0247,1.00,1.00
2018.05.15 10:27:51.435,8.02361,8.0247,1.00,1.00
2018.05.15 10:27:51.975,8.02365,8.0247,1.00,1.00
2018.05.15 10:27:52.461,8.0236,8.0247,1.00,1.00
2018.05.15 10:27:53.896,8.0237,8.02483,1.00,1.00
2018.05.15 10:27:54.401,8.02371,8.02483,1.00,1.00
2018.05.15 10:27:54.453,8.02376,8.02483,1.00,1.00
2018.05.15 10:27:56.242,8.0237,8.02483,1.50,1.00
2018.05.15 10:27:56.493,8.02376,8.02483,1.00,1.00
2018.05.15 10:27:58.689,8.02403,8.02503,1.00,1.00
2018.05.15 10:27:58.741,8.02404,8.02516,1.00,1.00
2018.05.15 10:27:59.832,8.02409,8.02516,1.00,1.00
2018.05.15 10:28:02.230,8.02417,8.02529,1.50,1.00
2018.05.15 10:28:02.288,8.02419,8.02529,1.00,1.00
2018.05.15 10:28:02.681,8.02417,8.02529,1.50,1.00
2018.05.15 10:28:07.325,8.02418,8.02529,1.00,1.00
2018.05.15 10:28:09.877,8.02417,8.02529,1.00,1.00
2018.05.15 10:28:15.460,8.02418,8.02529,1.00,1.00
2018.05.15 10:28:15.512,8.02442,8.02549,1.00,1.00
2018.05.15 10:28:15.564,8.02437,8.02549,1.00,1.00
2018.05.15 10:28:15.615,8.02465,8.02549,1.00,1.00
2018.05.15 10:28:15.667,8.02505,8.026,1.00,1.00
2018.05.15 10:28:15.872,8.02505,8.02617,1.00,2.25
2018.05.15 10:28:32.428,8.02513,8.02624,1.00,1.00
2018.05.15 10:28:37.326,8.02513,8.0262,1.00,1.00
2018.05.15 10:28:42.072,8.02513,8.02625,1.00,1.00
2018.05.15 10:28:42.124,8.02527,8.02627,1.00,1.00
2018.05.15 10:28:42.659,8.02527,8.02628,1.00,1.00
2018.05.15 10:28:48.464,8.02527,8.02627,1.00,1.00
2018.05.15 10:28:48.771,8.02513,8.02613,1.00,1.00
2018.05.15 10:28:48.933,8.02501,8.02607,1.00,1.00
2018.05.15 10:28:49.037,8.02501,8.02602,1.00,1.00
2018.05.15 10:28:49.363,8.02501,8.026,1.00,1.00
2018.05.15 10:28:53.613,8.02514,8.026,1.00,1.00
2018.05.15 10:28:57.725,8.02514,8.02596,1.00,1.00
2018.05.15 10:28:57.828,8.0249,8.02588,1.00,1.00
2018.05.15 10:28:57.880,8.0249,8.02582,1.00,1.00
2018.05.15 10:28:58.782,8.0249,8.02573,1.00,1.00
2018.05.15 10:29:04.798,8.02477,8.02573,1.00,1.00
2018.05.15 10:29:17.033,8.02477,8.02567,1.00,1.00
2018.05.15 10:29:17.135,8.02459,8.02563,1.00,1.00
2018.05.15 10:29:17.279,8.02447,8.02535,1.00,1.00
2018.05.15 10:29:17.331,8.02447,8.02539,1.00,1.00
2018.05.15 10:29:17.389,8.02447,8.02529,1.00,1.00
2018.05.15 10:29:17.827,8.02447,8.02524,1.00,1.00
2018.05.15 10:29:18.655,8.02447,8.02521,1.00,1.00
2018.05.15 10:29:19.291,8.02447,8.02516,1.00,1.00
2018.05.15 10:29:19.343,8.02426,8.02511,1.00,1.00
2018.05.15 10:29:19.529,8.02426,8.02504,1.00,1.00
2018.05.15 10:29:21.725,8.02408,8.02504,1.00,1.00
2018.05.15 10:29:21.777,8.02421,8.02504,1.00,1.00
2018.05.15 10:29:22.022,8.02421,8.02506,1.00,1.00
2018.05.15 10:29:23.376,8.02408,8.02497,1.00,1.00
2018.05.15 10:29:23.428,8.02393,8.02497,1.00,1.00
2018.05.15 10:29:23.567,8.02408,8.02497,1.00,1.00
2018.05.15 10:29:25.613,8.02408,8.02501,1.00,1.00
2018.05.15 10:29:26.174,8.02408,8.02497,1.00,1.00
2018.05.15 10:29:27.043,8.02408,8.02492,1.00,1.50
2018.05.15 10:29:27.688,8.02408,8.02495,1.00,1.00
2018.05.15 10:29:27.976,8.02395,8.02495,1.00,1.00
2018.05.15 10:29:28.078,8.0241,8.02495,1.00,1.00
2018.05.15 10:29:38.325,8.0241,8.02509,1.00,1.00
2018.05.15 10:29:38.893,8.0241,8.0251,1.00,1.00
2018.05.15 10:29:39.162,8.0241,8.02489,1.00,1.00
2018.05.15 10:29:39.265,8.02394,8.02483,1.00,1.00
2018.05.15 10:29:40.395,8.02394,8.02489,1.00,1.00
2018.05.15 10:29:44.480,8.02407,8.02493,1.00,1.00
2018.05.15 10:29:44.634,8.02407,8.02501,1.00,1.00
2018.05.15 10:29:44.890,8.02407,8.0249,1.00,1.00
2018.05.15 10:29:45.780,8.02413,8.0249,1.00,1.00
2018.05.15 10:29:47.287,8.02413,8.02485,1.00,1.00
2018.05.15 10:29:47.610,8.02407,8.02473,1.00,1.00
2018.05.15 10:29:47.662,8.02407,8.02477,1.00,1.00
2018.05.15 10:29:48.217,8.02407,8.02489,1.00,1.00
2018.05.15 10:29:50.164,8.02407,8.02481,1.00,1.00
2018.05.15 10:29:50.944,8.02392,8.02481,1.00,1.00
2018.05.15 10:29:50.995,8.0241,8.02481,1.00,1.00
2018.05.15 10:29:51.294,8.02391,8.02478,1.00,1.00
2018.05.15 10:29:51.346,8.02391,8.02465,1.00,1.00
2018.05.15 10:29:51.398,8.02391,8.0247,1.00,1.00
2018.05.15 10:29:51.840,8.02408,8.0247,1.00,1.00
2018.05.15 10:29:51.891,8.02408,8.02476,1.00,1.00
2018.05.15 10:29:52.049,8.02408,8.0248,1.00,1.00
2018.05.15 10:29:52.230,8.02408,8.02488,1.00,1.00
2018.05.15 10:29:52.281,8.02408,8.0248,1.00,1.00
2018.05.15 10:29:52.333,8.02408,8.02488,1.00,1.00
2018.05.15 10:29:52.448,8.02408,8.0248,1.00,1.00
2018.05.15 10:29:53.234,8.02408,8.02476,1.00,1.00
2018.05.15 10:29:55.700,8.02392,8.02476,1.00,1.00
2018.05.15 10:29:55.802,8.02412,8.02476,1.00,1.00
2018.05.15 10:29:56.304,8.02394,8.02487,1.00,1.00
2018.05.15 10:29:56.355,8.02414,8.02487,1.00,1.00
2018.05.15 10:29:57.570,8.02414,8.0249,1.00,1.00
2018.05.15 10:29:57.622,8.02414,8.02478,1.00,1.00
2018.05.15 10:29:57.969,8.02447,8.02496,1.00,1.00
2018.05.15 10:29:58.382,8.02447,8.02512,1.00,1.00
2018.05.15 10:29:59.825,8.02447,8.02513,1.00,1.00
2018.05.15 10:30:00.265,8.02447,8.02531,1.00,1.00
2018.05.15 10:30:00.317,8.02452,8.02531,1.00,1.00
2018.05.15 10:30:00.630,8.02511,8.02581,1.00,1.00
2018.05.15 10:30:00.682,8.02526,8.02631,1.00,1.00
2018.05.15 10:30:00.784,8.02526,8.02637,1.00,1.00
2018.05.15 10:30:00.886,8.02543,8.02646,1.00,1.00
2018.05.15 10:30:01.264,8.02543,8.02626,1.00,1.00
2018.05.15 10:30:02.165,8.02522,8.02619,1.00,1.00
2018.05.15 10:30:02.949,8.02535,8.02619,1.00,1.00
2018.05.15 10:30:04.565,8.02535,8.02614,1.00,1.00
2018.05.15 10:30:07.327,8.02535,8.02616,1.00,1.00
2018.05.15 10:30:07.846,8.02535,8.02617,1.00,1.00
2018.05.15 10:30:14.824,8.02535,8.02615,1.00,1.00
2018.05.15 10:30:15.150,8.02535,8.02613,1.00,1.00
2018.05.15 10:30:17.038,8.02535,8.02614,1.00,1.00
2018.05.15 10:30:17.930,8.02535,8.02621,1.00,1.00
2018.05.15 10:30:17.982,8.02545,8.02621,1.00,1.00
2018.05.15 10:30:19.305,8.02545,8.02624,1.00,1.00
2018.05.15 10:30:22.392,8.02545,8.02623,1.00,1.00
2018.05.15 10:30:23.024,8.02545,8.02616,1.00,1.00
2018.05.15 10:30:23.370,8.02545,8.0261,1.00,1.00
2018.05.15 10:30:24.239,8.0253,8.0261,1.00,1.00
2018.05.15 10:30:24.291,8.0253,8.02606,1.00,1.00
2018.05.15 10:30:24.649,8.0253,8.02611,1.00,1.00
2018.05.15 10:30:25.820,8.0253,8.02607,1.00,1.00
2018.05.15 10:30:26.066,8.0253,8.0261,1.00,1.00
2018.05.15 10:30:28.682,8.0253,8.02607,1.00,1.00
2018.05.15 10:30:28.944,8.0253,8.02609,1.00,1.00
2018.05.15 10:30:29.098,8.0253,8.02607,1.00,1.00
2018.05.15 10:30:29.150,8.02515,8.02599,1.00,1.00
2018.05.15 10:30:29.358,8.02515,8.02602,1.00,1.00
2018.05.15 10:30:36.231,8.02532,8.02602,1.00,1.00
2018.05.15 10:30:36.282,8.02532,8.02605,1.00,1.00
2018.05.15 10:30:36.334,8.02532,8.02615,1.00,1.00
2018.05.15 10:30:36.385,8.02532,8.02624,1.00,1.00
2018.05.15 10:30:36.531,8.02532,8.02645,1.00,1.00
2018.05.15 10:30:36.583,8.02565,8.02656,1.00,1.00
2018.05.15 10:30:36.635,8.02565,8.02663,1.00,1.00
2018.05.15 10:30:36.688,8.02579,8.02663,1.00,1.00
2018.05.15 10:30:36.842,8.02579,8.02669,1.00,1.00
2018.05.15 10:30:36.893,8.02579,8.02664,1.00,1.00
2018.05.15 10:30:37.239,8.02579,8.02648,1.00,1.00
2018.05.15 10:30:37.470,8.02579,8.02656,1.00,1.00
2018.05.15 10:30:39.062,8.02579,8.02664,1.00,1.00
2018.05.15 10:30:39.216,8.02594,8.02664,1.00,1.00
2018.05.15 10:30:39.522,8.0258,8.02647,1.00,1.00
2018.05.15 10:30:40.132,8.0258,8.02642,1.00,1.00
2018.05.15 10:30:40.354,8.02567,8.02642,1.00,1.00
2018.05.15 10:30:40.405,8.02567,8.02635,1.00,1.00
2018.05.15 10:30:44.875,8.02567,8.0264,1.00,1.00
2018.05.15 10:30:44.929,8.02567,8.02636,1.00,1.00
2018.05.15 10:30:47.862,8.02645,8.02757,1.00,1.00
2018.05.15 10:30:47.914,8.02689,8.02757,1.00,1.00
2018.05.15 10:30:47.966,8.02726,8.02831,1.00,1.10
2018.05.15 10:30:48.017,8.02756,8.02869,1.00,1.00
2018.05.15 10:30:48.069,8.02806,8.02891,1.00,1.00
2018.05.15 10:30:48.120,8.02806,8.02899,1.00,1.00
2018.05.15 10:30:48.173,8.02806,8.02919,1.00,1.00
2018.05.15 10:30:48.327,8.02822,8.02935,1.00,1.00
2018.05.15 10:30:48.649,8.02848,8.02952,1.00,1.00
2018.05.15 10:30:48.752,8.02817,8.02929,1.00,1.00
2018.05.15 10:30:48.855,8.02858,8.02926,1.00,1.00
2018.05.15 10:30:48.958,8.02809,8.02921,1.00,1.00
2018.05.15 10:30:49.010,8.02809,8.02918,1.00,1.00
2018.05.15 10:30:51.907,8.02789,8.029,1.00,1.00
2018.05.15 10:30:52.530,8.02788,8.029,1.00,1.00
2018.05.15 10:30:53.842,8.02803,8.02905,1.00,1.00
2018.05.15 10:30:55.965,8.02803,8.02894,1.00,1.00
2018.05.15 10:30:56.016,8.02781,8.02894,1.00,1.50
2018.05.15 10:30:56.556,8.02801,8.02902,1.00,1.00
2018.05.15 10:30:56.858,8.02812,8.02902,1.00,1.00
2018.05.15 10:30:57.092,8.02812,8.02916,1.00,1.00
2018.05.15 10:30:58.138,8.02812,8.02925,1.00,1.00
2018.05.15 10:31:01.884,8.02828,8.02941,1.00,1.00
2018.05.15 10:31:02.189,8.02817,8.02927,1.00,1.00
2018.05.15 10:31:02.811,8.02843,8.02955,1.00,1.00
2018.05.15 10:31:03.073,8.02857,8.02968,1.00,1.00
2018.05.15 10:31:03.504,8.02843,8.02955,1.00,1.00
2018.05.15 10:31:05.841,8.02843,8.02955,1.00,1.97
2018.05.15 10:31:06.034,8.0272,8.02794,1.00,1.00
2018.05.15 10:31:06.085,8.02713,8.02796,1.00,1.00
2018.05.15 10:31:06.136,8.0277,8.02882,1.00,1.00
2018.05.15 10:31:06.239,8.02764,8.02918,1.00,1.00
2018.05.15 10:31:06.290,8.02845,8.02937,1.00,1.00
2018.05.15 10:31:06.342,8.02822,8.02934,1.00,1.00
2018.05.15 10:31:06.444,8.02806,8.02954,1.87,1.00
2018.05.15 10:31:06.495,8.02899,8.03007,1.00,1.60
2018.05.15 10:31:06.648,8.0287,8.02979,1.00,1.60
2018.05.15 10:31:06.749,8.02851,8.02962,1.00,1.00
2018.05.15 10:31:06.844,8.02849,8.02962,1.00,1.00
2018.05.15 10:31:06.999,8.02837,8.02949,1.00,1.00
2018.05.15 10:31:08.035,8.02887,8.02991,1.00,1.00
2018.05.15 10:31:08.225,8.0298,8.03092,1.00,1.00
2018.05.15 10:31:08.329,8.02968,8.03079,1.00,1.00
2018.05.15 10:31:08.433,8.02983,8.03096,1.00,1.00
2018.05.15 10:31:08.740,8.02996,8.03108,1.00,1.00
2018.05.15 10:31:09.046,8.02983,8.03096,1.00,1.00
2018.05.15 10:31:10.973,8.02971,8.03083,1.00,1.00
2018.05.15 10:31:11.280,8.02991,8.03103,1.00,1.00
2018.05.15 10:31:12.854,8.02991,8.03096,1.00,1.00
2018.05.15 10:31:12.957,8.02965,8.03077,1.00,1.00
2018.05.15 10:31:13.389,8.02942,8.03055,1.00,1.00
2018.05.15 10:31:15.399,8.02964,8.03077,1.00,1.00
2018.05.15 10:31:19.488,8.02964,8.03073,1.00,1.00
2018.05.15 10:31:19.590,8.02916,8.03028,1.00,1.00
2018.05.15 10:31:19.642,8.02916,8.03016,1.00,1.00
2018.05.15 10:31:19.796,8.02862,8.02972,1.00,1.00
2018.05.15 10:31:23.312,8.02862,8.02972,1.37,1.00
2018.05.15 10:31:23.364,8.02893,8.03005,1.00,1.00
2018.05.15 10:31:23.416,8.02909,8.03005,1.60,1.00
2018.05.15 10:31:23.468,8.02953,8.03066,1.00,1.00
2018.05.15 10:31:23.622,8.02971,8.03083,1.00,1.00
2018.05.15 10:31:23.725,8.02983,8.03096,1.00,1.00
2018.05.15 10:31:26.313,8.02962,8.03074,1.00,1.00
2018.05.15 10:31:26.636,8.02884,8.02974,1.00,1.00
2018.05.15 10:31:26.791,8.02839,8.02952,1.00,1.00
2018.05.15 10:31:28.490,8.02874,8.02987,1.00,1.00
2018.05.15 10:31:28.799,8.02897,8.03009,1.00,1.00
2018.05.15 10:31:30.030,8.02911,8.03023,1.00,1.00
2018.05.15 10:31:30.589,8.02927,8.03038,1.00,1.00
2018.05.15 10:31:31.111,8.02927,8.03039,1.00,1.00
2018.05.15 10:31:31.493,8.02979,8.03091,1.00,1.00
2018.05.15 10:31:31.842,8.02993,8.03105,1.00,1.00
2018.05.15 10:31:31.894,8.03005,8.03118,1.00,1.00
2018.05.15 10:31:36.129,8.03018,8.03129,1.00,1.00
2018.05.15 10:31:36.667,8.03018,8.0313,1.00,1.00
2018.05.15 10:31:37.683,8.03031,8.03144,1.00,1.00
2018.05.15 10:31:37.889,8.03046,8.03156,1.00,1.00
2018.05.15 10:31:38.273,8.03087,8.03162,1.00,1.00
2018.05.15 10:31:38.478,8.03074,8.03186,1.00,1.00
2018.05.15 10:31:38.631,8.03063,8.03169,1.00,1.00
2018.05.15 10:31:40.132,8.03063,8.03166,1.00,1.00
2018.05.15 10:31:40.199,8.03063,8.03169,1.00,1.00
2018.05.15 10:31:41.230,8.03063,8.03175,1.00,1.00
2018.05.15 10:31:41.384,8.03078,8.0319,1.00,1.00
2018.05.15 10:31:44.486,8.03058,8.03166,1.00,1.00
2018.05.15 10:31:44.538,8.03056,8.03166,1.00,1.00
2018.05.15 10:31:44.641,8.03041,8.03154,1.00,1.00
2018.05.15 10:31:45.257,8.03028,8.0314,1.00,1.00
2018.05.15 10:31:51.573,8.03042,8.03155,1.00,1.00
2018.05.15 10:31:52.522,8.03032,8.03141,1.00,1.00
2018.05.15 10:31:52.624,8.03029,8.03141,1.00,1.00
2018.05.15 10:31:52.676,8.03029,8.03137,1.00,1.00
2018.05.15 10:31:52.727,8.03013,8.03124,1.00,1.00
2018.05.15 10:31:52.831,8.03013,8.03112,1.00,1.00
2018.05.15 10:31:52.933,8.02995,8.03107,1.00,1.00
2018.05.15 10:31:53.246,8.02995,8.03102,1.00,1.00
2018.05.15 10:31:53.349,8.02975,8.03088,1.00,1.00
2018.05.15 10:31:53.726,8.02962,8.03074,1.00,1.00
2018.05.15 10:31:54.053,8.0295,8.03062,1.00,1.00
2018.05.15 10:31:54.361,8.02939,8.0305,1.00,1.00
2018.05.15 10:31:54.900,8.02923,8.03034,1.00,1.00
2018.05.15 10:31:55.364,8.02933,8.03034,1.00,1.00
2018.05.15 10:31:55.415,8.02941,8.03053,1.00,1.00
2018.05.15 10:31:55.639,8.02954,8.03053,1.00,1.00
2018.05.15 10:31:55.691,8.02959,8.0307,1.00,1.00
2018.05.15 10:31:56.573,8.02963,8.0307,1.00,1.00
2018.05.15 10:31:56.676,8.02959,8.0307,1.00,1.00
2018.05.15 10:31:57.652,8.02964,8.0307,1.00,1.00
2018.05.15 10:31:57.755,8.02976,8.03087,1.00,1.00
2018.05.15 10:31:57.909,8.02985,8.03087,1.00,1.00
2018.05.15 10:31:58.883,8.02977,8.03087,1.00,1.00
2018.05.15 10:31:59.570,8.0298,8.03087,1.00,1.00
2018.05.15 10:32:00.012,8.02983,8.03087,1.00,1.00
2018.05.15 10:32:00.064,8.02961,8.0307,1.00,1.00
2018.05.15 10:32:00.116,8.02961,8.03043,1.00,1.00
2018.05.15 10:32:00.168,8.02918,8.03023,1.00,1.00
2018.05.15 10:32:00.219,8.02918,8.03014,1.00,1.00
2018.05.15 10:32:00.373,8.02868,8.0298,1.00,1.00
2018.05.15 10:32:00.616,8.02849,8.02959,1.00,1.00
2018.05.15 10:32:00.771,8.02833,8.02946,1.00,1.00
2018.05.15 10:32:01.146,8.02813,8.02926,1.00,1.00
2018.05.15 10:32:02.468,8.028,8.02912,1.00,1.00
2018.05.15 10:32:02.795,8.0282,8.02932,1.00,1.00
2018.05.15 10:32:22.192,8.02824,8.02935,1.00,1.00
2018.05.15 10:32:27.179,8.0281,8.02922,1.00,1.00
2018.05.15 10:32:34.552,8.02828,8.02938,1.00,1.00
2018.05.15 10:32:34.708,8.02847,8.02959,1.00,1.00
2018.05.15 10:32:35.032,8.02852,8.02959,1.00,1.00
2018.05.15 10:32:35.088,8.0286,8.02973,1.00,1.00
2018.05.15 10:32:35.140,8.02881,8.02992,1.00,1.00
2018.05.15 10:32:38.036,8.02885,8.02992,1.00,1.00
2018.05.15 10:32:38.167,8.02902,8.03012,1.00,1.00
2018.05.15 10:32:42.253,8.02926,8.03033,1.00,1.00
2018.05.15 10:32:42.304,8.02926,8.03038,1.00,1.00
2018.05.15 10:32:42.356,8.03004,8.03058,1.00,1.00
2018.05.15 10:32:42.458,8.03026,8.03128,1.00,1.00
2018.05.15 10:32:42.509,8.03036,8.03138,1.00,1.00
2018.05.15 10:32:42.610,8.03026,8.03138,1.00,1.00
2018.05.15 10:32:42.661,8.03047,8.0316,1.00,1.00
2018.05.15 10:32:42.814,8.03047,8.03158,1.00,1.00
2018.05.15 10:32:42.866,8.03047,8.0316,1.00,1.00
2018.05.15 10:32:43.326,8.03067,8.03179,1.00,1.00
2018.05.15 10:32:43.635,8.03041,8.03142,1.00,1.00
2018.05.15 10:32:43.687,8.03032,8.03142,1.00,1.00
2018.05.15 10:32:43.745,8.03032,8.03133,1.00,1.00
2018.05.15 10:32:43.886,8.02982,8.03093,1.00,1.00
2018.05.15 10:32:43.937,8.02969,8.03074,1.00,1.00
2018.05.15 10:32:44.157,8.02979,8.03091,1.00,1.00
2018.05.15 10:32:47.520,8.03003,8.03115,1.00,1.00
2018.05.15 10:32:47.623,8.03083,8.03237,1.37,1.00
2018.05.15 10:32:47.675,8.03091,8.03251,1.00,2.27
2018.05.15 10:32:47.726,8.03183,8.03278,1.00,1.00
2018.05.15 10:32:47.778,8.03183,8.03289,1.00,1.00
2018.05.15 10:32:47.829,8.03183,8.03293,1.00,1.00
2018.05.15 10:32:53.184,8.03197,8.03309,1.00,1.00
2018.05.15 10:32:54.309,8.03213,8.03325,1.00,1.00
2018.05.15 10:32:54.882,8.03191,8.03303,1.00,1.00
2018.05.15 10:33:01.851,8.03191,8.03275,1.00,1.00
2018.05.15 10:33:01.903,8.0314,8.03253,1.00,1.00
2018.05.15 10:33:01.954,8.0314,8.0323,1.00,1.00
2018.05.15 10:33:02.006,8.03103,8.03199,1.00,1.00
2018.05.15 10:33:02.108,8.03065,8.03177,1.00,1.00
2018.05.15 10:33:02.211,8.03051,8.03163,1.00,1.00
2018.05.15 10:33:02.518,8.03083,8.03195,1.00,1.00
2018.05.15 10:33:02.861,8.0308,8.03192,1.00,1.00
2018.05.15 10:33:05.163,8.03101,8.03213,1.00,1.00
2018.05.15 10:33:05.498,8.03139,8.03213,1.00,1.00
2018.05.15 10:33:05.703,8.03196,8.03308,1.00,1.00
2018.05.15 10:33:07.920,8.03186,8.03294,1.00,1.00
2018.05.15 10:33:08.228,8.03086,8.03198,1.00,1.00
2018.05.15 10:33:12.601,8.03098,8.0321,1.00,1.00
2018.05.15 10:33:12.910,8.03145,8.03256,1.00,1.00
2018.05.15 10:33:13.569,8.03145,8.03257,1.00,1.00
2018.05.15 10:33:14.893,8.03135,8.03245,1.00,1.00
2018.05.15 10:33:15.623,8.03133,8.03245,1.00,1.00
2018.05.15 10:33:16.106,8.03151,8.03245,1.00,1.00
2018.05.15 10:33:16.259,8.03158,8.03268,1.00,1.00
2018.05.15 10:33:17.029,8.03167,8.03268,1.00,1.00
2018.05.15 10:33:22.136,8.03171,8.03281,1.00,1.00
2018.05.15 10:33:34.667,8.03193,8.03303,1.00,1.00
2018.05.15 10:33:34.979,8.0325,8.0336,1.00,1.00
2018.05.15 10:33:35.287,8.03297,8.03392,1.00,1.00
2018.05.15 10:33:35.339,8.03297,8.034,1.00,1.00
2018.05.15 10:33:35.799,8.03297,8.03409,1.00,1.50
2018.05.15 10:33:38.018,8.03297,8.03407,1.00,1.00
2018.05.15 10:33:38.456,8.03297,8.03409,1.00,1.00
2018.05.15 10:33:38.509,8.03311,8.03422,1.00,1.00
2018.05.15 10:33:38.737,8.03325,8.03437,1.00,1.00
2018.05.15 10:33:38.840,8.0334,8.03443,1.00,1.00
2018.05.15 10:33:39.047,8.03305,8.03418,1.00,1.00
2018.05.15 10:33:39.343,8.03292,8.03404,1.00,1.00
2018.05.15 10:33:40.975,8.03285,8.03387,1.00,1.00
2018.05.15 10:33:41.080,8.03274,8.03387,1.00,1.00
2018.05.15 10:33:47.462,8.03281,8.03387,1.00,1.00
2018.05.15 10:33:47.567,8.03299,8.03412,1.00,1.00
2018.05.15 10:33:50.021,8.03297,8.0339,1.00,1.00
2018.05.15 10:33:50.073,8.03278,8.0339,1.00,1.00
2018.05.15 10:33:50.125,8.03256,8.03368,1.00,1.00
2018.05.15 10:33:50.434,8.03195,8.03307,1.00,1.00
2018.05.15 10:33:50.735,8.03181,8.03293,1.00,1.00
2018.05.15 10:33:51.479,8.03198,8.03308,1.00,1.00
2018.05.15 10:33:56.212,8.03199,8.03308,1.00,1.00
2018.05.15 10:33:56.366,8.03221,8.03334,1.00,1.00
2018.05.15 10:33:57.749,8.03235,8.03347,1.00,1.00
2018.05.15 10:33:59.638,8.0325,8.03362,1.00,1.00
2018.05.15 10:33:59.948,8.03269,8.0338,1.00,1.00
2018.05.15 10:34:00.238,8.03254,8.03367,1.00,1.00
2018.05.15 10:34:00.342,8.03233,8.03343,1.00,1.00
2018.05.15 10:34:00.393,8.0322,8.03332,1.00,1.00
2018.05.15 10:34:01.360,8.03236,8.03346,1.00,1.00
2018.05.15 10:34:04.992,8.03264,8.03377,1.00,1.00
2018.05.15 10:34:05.146,8.03279,8.03389,1.00,1.00
2018.05.15 10:34:05.547,8.03293,8.03405,1.00,1.00
2018.05.15 10:34:07.982,8.0328,8.03392,1.00,1.00
2018.05.15 10:34:09.649,8.03301,8.03414,1.00,1.00
2018.05.15 10:34:11.052,8.03315,8.03427,1.00,1.00
2018.05.15 10:34:13.170,8.03319,8.03427,1.00,1.00
2018.05.15 10:34:13.325,8.03392,8.03504,1.00,1.00
2018.05.15 10:34:13.376,8.03406,8.03504,1.00,1.00
2018.05.15 10:34:13.479,8.03395,8.03504,1.00,1.00
2018.05.15 10:34:13.631,8.0341,8.03522,1.00,1.00
2018.05.15 10:34:13.683,8.03358,8.0345,1.00,1.00
2018.05.15 10:34:13.735,8.03322,8.03434,1.00,1.00
2018.05.15 10:34:13.787,8.03322,8.03432,1.00,1.00
2018.05.15 10:34:13.838,8.03291,8.03403,1.00,1.00
2018.05.15 10:34:13.890,8.03291,8.03395,1.00,1.00
2018.05.15 10:34:13.942,8.03264,8.03369,1.00,1.00
2018.05.15 10:34:13.995,8.03257,8.03369,1.00,1.00
2018.05.15 10:34:14.421,8.03272,8.03385,1.00,1.00
2018.05.15 10:34:15.435,8.03288,8.03401,1.00,1.00
2018.05.15 10:34:18.014,8.033,8.03401,1.00,1.00
2018.05.15 10:34:18.424,8.03303,8.03401,1.00,1.00
2018.05.15 10:34:19.684,8.03294,8.03401,1.00,1.00
2018.05.15 10:34:19.736,8.03291,8.03401,1.00,1.00
2018.05.15 10:34:21.837,8.0332,8.03422,1.00,1.00
2018.05.15 10:34:21.939,8.03337,8.03445,1.00,1.00
2018.05.15 10:34:21.991,8.03333,8.03445,1.00,1.00
2018.05.15 10:34:23.457,8.03309,8.03404,1.00,1.00
2018.05.15 10:34:23.509,8.03307,8.03404,1.00,1.00
2018.05.15 10:34:23.563,8.03307,8.03417,1.00,1.00
2018.05.15 10:34:23.666,8.03317,8.03417,1.00,1.00
2018.05.15 10:34:24.692,8.03306,8.03417,1.00,1.00
2018.05.15 10:34:24.744,8.03316,8.03417,1.00,1.00
2018.05.15 10:34:24.950,8.0332,8.03431,1.00,1.00
2018.05.15 10:34:25.410,8.03325,8.03431,1.00,1.00
2018.05.15 10:34:26.922,8.0332,8.03431,1.00,1.00
2018.05.15 10:34:27.024,8.03308,8.03411,1.00,1.00
2018.05.15 10:34:27.075,8.03305,8.03411,1.00,1.00
2018.05.15 10:34:27.228,8.03298,8.03411,1.50,1.00
2018.05.15 10:34:28.665,8.03298,8.0341,1.00,1.00
2018.05.15 10:34:28.717,8.03296,8.0339,1.00,1.00
2018.05.15 10:34:29.097,8.03296,8.03377,1.00,1.00
2018.05.15 10:34:29.149,8.03271,8.03377,1.00,1.00
2018.05.15 10:34:29.200,8.03261,8.03363,1.00,1.00
2018.05.15 10:34:29.353,8.03258,8.03363,1.50,1.00
2018.05.15 10:34:29.405,8.03262,8.03363,1.00,1.00
2018.05.15 10:34:29.850,8.0327,8.03363,1.00,1.00
2018.05.15 10:34:33.850,8.03254,8.03363,1.00,1.00
2018.05.15 10:34:33.953,8.03251,8.03363,1.00,1.00
2018.05.15 10:34:34.005,8.03244,8.03341,1.00,1.00
2018.05.15 10:34:34.210,8.03203,8.03304,1.00,1.00
2018.05.15 10:34:34.313,8.03194,8.03304,1.00,1.00
2018.05.15 10:34:34.983,8.03193,8.0329,1.00,1.00
2018.05.15 10:34:35.035,8.0318,8.0329,1.00,1.00
2018.05.15 10:34:35.139,8.03178,8.0329,1.00,1.00
2018.05.15 10:34:35.192,8.03166,8.03269,1.00,1.00
2018.05.15 10:34:35.320,8.03161,8.03269,1.00,1.00
2018.05.15 10:34:35.473,8.03146,8.03254,1.00,1.00
2018.05.15 10:34:35.524,8.03144,8.03254,1.00,1.00
2018.05.15 10:34:43.837,8.03145,8.03254,1.00,1.00
2018.05.15 10:34:43.889,8.03156,8.03268,1.00,1.00
2018.05.15 10:34:44.553,8.03145,8.03255,1.00,1.00
2018.05.15 10:34:45.323,8.03157,8.03267,1.00,1.00
2018.05.15 10:34:45.767,8.03171,8.03281,1.00,1.00
2018.05.15 10:34:50.205,8.03161,8.03268,1.00,1.00
2018.05.15 10:34:50.614,8.0317,8.03282,1.00,1.00
2018.05.15 10:34:51.309,8.03172,8.03282,1.00,1.00
2018.05.15 10:34:51.731,8.0317,8.03282,1.00,1.00
2018.05.15 10:34:51.835,8.03183,8.03295,1.00,1.00
2018.05.15 10:34:52.478,8.03211,8.03295,1.00,1.00
2018.05.15 10:34:52.530,8.03226,8.03338,1.00,1.00
2018.05.15 10:34:52.634,8.03252,8.03358,1.00,1.00
2018.05.15 10:34:52.840,8.03252,8.03362,1.00,1.00
2018.05.15 10:34:53.304,8.03232,8.03345,1.00,1.00
2018.05.15 10:35:02.612,8.03247,8.03357,1.00,1.00
2018.05.15 10:35:02.715,8.03259,8.03372,1.00,1.00
2018.05.15 10:35:08.500,8.0328,8.03393,1.00,1.00
2018.05.15 10:35:09.127,8.03259,8.03359,1.00,1.00
2018.05.15 10:35:09.179,8.03247,8.03359,1.00,1.00
2018.05.15 10:35:09.333,8.03264,8.03376,1.00,1.00
2018.05.15 10:35:10.519,8.03277,8.0339,1.00,1.00
2018.05.15 10:35:11.146,8.03297,8.0341,1.00,1.00
2018.05.15 10:35:11.472,8.03311,8.03423,1.00,1.00
2018.05.15 10:35:11.646,8.03324,8.0344,1.00,1.00
2018.05.15 10:35:12.010,8.03324,8.03443,1.00,1.50
2018.05.15 10:35:13.495,8.0334,8.03453,1.00,1.00
2018.05.15 10:35:14.538,8.0334,8.03458,1.00,1.00
2018.05.15 10:35:14.590,8.0334,8.03453,1.00,1.00
2018.05.15 10:35:15.528,8.0334,8.0345,1.00,1.00
2018.05.15 10:35:15.684,8.03326,8.03443,1.00,1.00
2018.05.15 10:35:16.113,8.03326,8.03445,1.00,1.00
2018.05.15 10:35:17.986,8.03342,8.03448,1.00,1.00
2018.05.15 10:35:18.037,8.03342,8.03459,1.00,1.00
2018.05.15 10:35:18.139,8.03342,8.03461,1.00,1.00
2018.05.15 10:35:19.477,8.03335,8.03448,1.00,1.00
2018.05.15 10:35:20.561,8.03355,8.03475,1.00,1.00
2018.05.15 10:35:20.869,8.03367,8.03482,1.00,1.00
2018.05.15 10:35:21.155,8.03343,8.03462,1.00,1.00
2018.05.15 10:35:22.561,8.03336,8.03449,1.00,1.00
2018.05.15 10:35:30.670,8.03329,8.03428,1.00,1.00
2018.05.15 10:35:30.777,8.03316,8.03428,1.00,1.00
2018.05.15 10:35:30.882,8.03305,8.03408,1.00,1.00
2018.05.15 10:35:31.037,8.03296,8.03408,1.00,1.00
2018.05.15 10:35:31.328,8.03282,8.03395,1.00,1.00
2018.05.15 10:35:31.429,8.03287,8.03395,1.00,1.00
2018.05.15 10:35:31.481,8.03309,8.03422,1.00,1.00
2018.05.15 10:35:35.989,8.03314,8.03422,1.00,1.00
2018.05.15 10:35:36.251,8.03321,8.03433,1.00,1.00
2018.05.15 10:35:36.385,8.03318,8.0342,1.00,1.00
2018.05.15 10:35:37.707,8.03307,8.0342,1.00,1.00
2018.05.15 10:35:37.759,8.03292,8.03403,1.00,1.00
2018.05.15 10:35:38.069,8.03303,8.03414,1.00,1.00
2018.05.15 10:35:38.121,8.03303,8.03416,1.00,1.00
2018.05.15 10:35:40.038,8.03287,8.034,1.00,1.00
2018.05.15 10:35:41.419,8.03301,8.03413,1.00,1.00
2018.05.15 10:35:45.878,8.03289,8.03402,1.00,1.00
2018.05.15 10:35:46.718,8.03296,8.03402,1.00,1.00
2018.05.15 10:35:46.821,8.03289,8.03402,1.50,1.00
2018.05.15 10:35:47.087,8.0328,8.03377,1.00,1.00
2018.05.15 10:35:47.479,8.0328,8.03391,1.00,1.00
2018.05.15 10:35:49.580,8.03294,8.03404,1.00,1.00
2018.05.15 10:35:50.139,8.03305,8.03418,1.00,1.00
2018.05.15 10:35:50.801,8.03282,8.03395,1.00,1.00
2018.05.15 10:35:51.232,8.03297,8.03407,1.00,1.00
2018.05.15 10:35:55.425,8.03284,8.03397,1.00,1.00
2018.05.15 10:35:55.725,8.0329,8.03397,1.00,1.00
2018.05.15 10:35:55.777,8.03304,8.03417,1.00,1.00
2018.05.15 10:35:56.263,8.03283,8.03396,1.00,1.00
2018.05.15 10:35:57.683,8.0327,8.03382,1.00,1.00
2018.05.15 10:36:01.394,8.03283,8.03393,1.00,1.00
2018.05.15 10:36:03.162,8.03276,8.03378,1.00,1.00
2018.05.15 10:36:03.367,8.03237,8.0335,1.00,1.00
2018.05.15 10:36:14.662,8.03237,8.03339,1.00,1.00
2018.05.15 10:36:14.764,8.03195,8.03307,1.00,1.00
2018.05.15 10:36:15.057,8.03182,8.03294,1.00,1.00
2018.05.15 10:36:15.634,8.03189,8.03294,1.00,1.00
2018.05.15 10:36:18.696,8.03195,8.03307,1.00,1.00
2018.05.15 10:36:20.365,8.03181,8.03287,1.00,1.00
2018.05.15 10:36:21.776,8.03182,8.03287,1.00,1.00
2018.05.15 10:36:22.111,8.03188,8.03301,1.00,1.00
2018.05.15 10:36:22.162,8.03192,8.03301,1.00,1.00
2018.05.15 10:36:23.771,8.03188,8.03301,1.00,1.00
2018.05.15 10:36:30.205,8.03202,8.03314,1.00,1.00
2018.05.15 10:36:31.391,8.03216,8.03327,1.00,1.00
2018.05.15 10:36:31.549,8.03229,8.03341,1.00,1.00
2018.05.15 10:36:32.635,8.0321,8.03321,1.00,1.00
2018.05.15 10:36:32.940,8.03176,8.03288,1.00,1.00
2018.05.15 10:36:33.245,8.03187,8.03288,1.00,1.00
2018.05.15 10:36:33.387,8.03208,8.0332,1.00,1.00
2018.05.15 10:36:35.054,8.03203,8.03306,1.00,1.00
2018.05.15 10:36:35.258,8.03193,8.03306,1.00,1.00
2018.05.15 10:36:35.750,8.03183,8.03292,1.00,1.00
2018.05.15 10:36:37.146,8.03168,8.0328,1.00,1.00
2018.05.15 10:36:37.403,8.03149,8.03261,1.00,1.00
2018.05.15 10:36:40.318,8.0313,8.03243,1.00,1.00
2018.05.15 10:36:42.041,8.03118,8.03231,1.00,1.00
2018.05.15 10:36:42.365,8.03103,8.03216,1.00,1.00
2018.05.15 10:36:44.688,8.03126,8.03238,1.00,1.00
2018.05.15 10:36:45.881,8.03131,8.03238,1.00,1.00
2018.05.15 10:36:46.513,8.03126,8.03238,1.00,1.00
2018.05.15 10:36:46.692,8.03105,8.03214,1.00,1.00
2018.05.15 10:36:47.658,8.03108,8.03214,1.00,1.00
2018.05.15 10:36:47.710,8.0311,8.03221,1.00,1.00
2018.05.15 10:36:48.514,8.03113,8.03221,1.00,1.00
2018.05.15 10:36:48.786,8.0311,8.03221,1.00,1.00
2018.05.15 10:36:51.539,8.03103,8.03192,1.00,1.00
2018.05.15 10:36:51.590,8.0308,8.03192,1.00,1.00
2018.05.15 10:36:58.188,8.03081,8.03192,1.00,1.00
2018.05.15 10:37:00.032,8.03085,8.03192,1.00,1.00
2018.05.15 10:37:02.454,8.03102,8.03212,1.00,1.00
2018.05.15 10:37:02.557,8.03114,8.03227,1.00,1.00
2018.05.15 10:37:03.059,8.03128,8.0324,1.00,1.00
2018.05.15 10:37:04.895,8.03141,8.0324,1.00,1.00
2018.05.15 10:37:05.153,8.03128,8.0324,1.50,1.00
2018.05.15 10:37:05.572,8.03139,8.0324,1.00,1.00
2018.05.15 10:37:06.243,8.03143,8.03255,1.00,1.00
2018.05.15 10:37:07.131,8.03147,8.03255,1.00,1.00
2018.05.15 10:37:07.362,8.03143,8.03255,1.50,1.00
2018.05.15 10:37:09.906,8.03149,8.03255,1.00,1.00
2018.05.15 10:37:10.084,8.03143,8.03255,1.50,1.00
2018.05.15 10:37:10.136,8.0316,8.03255,1.00,1.00
2018.05.15 10:37:10.187,8.03148,8.03255,1.00,1.00
2018.05.15 10:37:10.239,8.03157,8.0327,1.50,1.00
2018.05.15 10:37:10.447,8.03162,8.0327,1.00,1.00
2018.05.15 10:37:13.048,8.03166,8.0327,1.00,1.00
2018.05.15 10:37:14.367,8.03171,8.0327,1.00,1.00
2018.05.15 10:37:14.653,8.03167,8.0327,1.00,1.00
2018.05.15 10:37:14.876,8.03169,8.0327,1.00,1.00
2018.05.15 10:37:15.543,8.03174,8.0327,1.00,1.00
2018.05.15 10:37:18.208,8.0317,8.0327,1.00,1.00
2018.05.15 10:37:21.533,8.03183,8.03294,1.00,1.00
2018.05.15 10:37:21.820,8.03178,8.03281,1.00,1.00
2018.05.15 10:37:21.872,8.03175,8.03281,1.00,1.00
2018.05.15 10:37:21.987,8.03168,8.03281,1.00,1.00
2018.05.15 10:37:23.038,8.0317,8.03281,1.00,1.00
2018.05.15 10:37:23.538,8.0317,8.03266,1.00,1.00
2018.05.15 10:37:23.693,8.03166,8.03266,1.00,1.00
2018.05.15 10:37:26.612,8.03173,8.03266,1.00,1.00
2018.05.15 10:37:28.693,8.03173,8.03282,1.00,1.00
2018.05.15 10:37:29.096,8.03184,8.03295,1.00,1.00
2018.05.15 10:37:33.036,8.03189,8.03295,1.00,1.00
2018.05.15 10:37:34.129,8.03206,8.03318,1.00,1.00
2018.05.15 10:37:41.721,8.03217,8.03318,1.00,1.00
2018.05.15 10:37:41.772,8.03206,8.03318,1.00,1.00
2018.05.15 10:37:41.824,8.03219,8.03331,1.00,1.00
2018.05.15 10:37:42.129,8.03222,8.03331,1.00,1.00
2018.05.15 10:37:45.868,8.03222,8.03318,1.00,1.00
2018.05.15 10:37:49.162,8.03191,8.03289,1.00,1.00
2018.05.15 10:37:49.214,8.03177,8.03289,1.00,1.00
2018.05.15 10:37:49.318,8.03149,8.03261,1.00,1.00
2018.05.15 10:37:49.625,8.03185,8.03287,1.00,1.00
2018.05.15 10:37:50.666,8.03188,8.03287,1.00,1.00
2018.05.15 10:37:51.998,8.03185,8.03287,1.00,1.00
2018.05.15 10:37:52.205,8.0316,8.03269,1.00,1.00
2018.05.15 10:37:52.716,8.03159,8.03269,1.00,1.00
2018.05.15 10:37:54.019,8.03164,8.03269,1.00,1.00
2018.05.15 10:37:54.352,8.03176,8.03286,1.00,1.00
2018.05.15 10:37:54.663,8.03153,8.03266,1.00,1.00
2018.05.15 10:37:55.197,8.03171,8.03266,1.00,1.00
2018.05.15 10:37:55.249,8.03173,8.03286,1.00,1.00
2018.05.15 10:38:05.912,8.03173,8.03286,1.37,1.00
2018.05.15 10:38:06.067,8.03229,8.03342,1.00,1.00
2018.05.15 10:38:06.190,8.03205,8.03318,1.00,1.00
2018.05.15 10:38:06.517,8.03235,8.03348,1.00,1.00
2018.05.15 10:38:08.704,8.03248,8.03348,1.00,1.00
2018.05.15 10:38:10.620,8.03251,8.03364,1.00,1.00
2018.05.15 10:38:17.920,8.03248,8.0335,1.00,1.00
2018.05.15 10:38:20.509,8.03248,8.03331,1.00,1.00
2018.05.15 10:38:20.560,8.03231,8.03331,1.00,1.00
2018.05.15 10:38:20.612,8.03218,8.03331,1.00,1.00
2018.05.15 10:38:20.663,8.03202,8.03314,1.00,1.00
2018.05.15 10:38:20.973,8.03214,8.03314,1.00,1.00
2018.05.15 10:38:21.424,8.03214,8.03326,1.00,1.00
2018.05.15 10:38:22.377,8.03218,8.03326,1.00,1.00
2018.05.15 10:38:22.604,8.03235,8.03348,1.00,1.00
2018.05.15 10:38:32.557,8.03248,8.0336,1.00,1.00
2018.05.15 10:38:33.546,8.03252,8.0336,1.00,1.00
2018.05.15 10:38:38.896,8.03214,8.03323,1.00,1.00
2018.05.15 10:38:38.949,8.0323,8.03323,1.00,1.00
2018.05.15 10:38:39.053,8.03211,8.03323,1.00,1.00
2018.05.15 10:38:40.021,8.03224,8.03337,1.00,1.00
2018.05.15 10:38:40.257,8.03238,8.0335,1.00,1.00
2018.05.15 10:38:40.586,8.03265,8.03377,1.00,1.00
2018.05.15 10:38:41.176,8.03255,8.03364,1.00,1.00
2018.05.15 10:38:51.327,8.03266,8.03378,1.00,1.00
2018.05.15 10:39:06.763,8.03255,8.03365,1.00,1.00
2018.05.15 10:39:06.815,8.03253,8.03365,1.00,1.00
2018.05.15 10:39:06.867,8.03239,8.0335,1.00,1.00
2018.05.15 10:39:08.849,8.03253,8.03364,1.00,1.00
2018.05.15 10:39:14.909,8.03239,8.03347,1.00,1.00
2018.05.15 10:39:23.599,8.03236,8.03347,1.00,1.00
2018.05.15 10:39:23.753,8.03223,8.03335,1.00,1.00
2018.05.15 10:39:26.192,8.03236,8.03349,1.00,1.00
2018.05.15 10:39:26.563,8.0325,8.03362,1.00,1.00
2018.05.15 10:39:29.370,8.03237,8.03348,1.00,1.00
2018.05.15 10:39:30.729,8.0325,8.03362,1.00,1.00
2018.05.15 10:39:40.751,8.03232,8.03345,1.00,1.00
2018.05.15 10:39:42.724,8.0325,8.0336,1.00,1.00
2018.05.15 10:39:42.903,8.03263,8.03374,1.00,1.00
2018.05.15 10:39:42.959,8.03284,8.03394,1.00,1.00
2018.05.15 10:39:43.224,8.03262,8.03375,1.00,1.00
2018.05.15 10:39:44.255,8.03276,8.03388,1.00,1.00
2018.05.15 10:39:53.169,8.03276,8.03379,1.00,1.00
2018.05.15 10:39:53.273,8.03239,8.03351,1.00,1.00
2018.05.15 10:39:58.115,8.03239,8.03344,1.00,1.00
2018.05.15 10:39:58.373,8.03212,8.03324,1.00,1.00
2018.05.15 10:40:02.411,8.03198,8.03311,1.00,1.00
2018.05.15 10:40:04.481,8.03213,8.03325,1.00,1.00
2018.05.15 10:40:05.834,8.03199,8.03312,1.00,1.00
2018.05.15 10:40:09.264,8.03186,8.03298,1.00,1.00
2018.05.15 10:40:09.367,8.03172,8.03285,1.00,1.00
2018.05.15 10:40:09.573,8.03148,8.03257,1.00,1.00
2018.05.15 10:40:10.738,8.0316,8.03273,1.00,1.00
2018.05.15 10:40:13.810,8.03178,8.03291,1.00,1.00
2018.05.15 10:40:14.207,8.03166,8.03276,1.00,1.00
2018.05.15 10:40:27.441,8.03166,8.03258,1.00,1.00
2018.05.15 10:40:27.544,8.0314,8.03245,1.00,1.00
2018.05.15 10:40:27.748,8.03126,8.03238,1.00,1.00
2018.05.15 10:40:38.272,8.03139,8.03252,1.00,1.00
2018.05.15 10:40:38.502,8.03139,8.03249,1.00,1.00
2018.05.15 10:40:38.840,8.03139,8.03252,1.00,1.00
2018.05.15 10:40:41.254,8.03139,8.0325,1.00,1.00
2018.05.15 10:40:44.443,8.03139,8.03252,1.00,1.00
2018.05.15 10:40:47.147,8.03113,8.03224,1.00,1.00
2018.05.15 10:40:49.834,8.03126,8.03238,1.00,1.00
2018.05.15 10:41:06.192,8.03134,8.03247,1.00,1.00
2018.05.15 10:41:10.783,8.03134,8.03244,1.00,1.00
2018.05.15 10:41:14.943,8.03134,8.03247,1.00,1.50
2018.05.15 10:41:15.746,8.03134,8.03245,1.00,1.00
2018.05.15 10:41:16.581,8.03134,8.03243,1.00,1.00
2018.05.15 10:41:17.571,8.03134,8.03247,1.00,1.50
2018.05.15 10:41:20.100,8.03134,8.03231,1.00,1.00
2018.05.15 10:41:20.245,8.03118,8.03224,1.00,1.00
2018.05.15 10:41:20.298,8.03091,8.03204,1.00,1.00
2018.05.15 10:41:20.452,8.03071,8.03184,1.00,1.00
2018.05.15 10:41:20.919,8.03051,8.03163,1.00,1.00
2018.05.15 10:41:21.671,8.03038,8.0315,1.00,1.00
2018.05.15 10:41:22.020,8.03004,8.03116,1.00,1.00
2018.05.15 10:41:28.808,8.03004,8.03115,1.00,1.00
2018.05.15 10:41:29.548,8.03004,8.03116,1.00,1.00
2018.05.15 10:41:30.122,8.03018,8.03129,1.00,1.00
2018.05.15 10:41:30.429,8.0303,8.03142,1.00,1.00
2018.05.15 10:41:33.901,8.03001,8.03113,1.00,1.00
2018.05.15 10:41:34.207,8.02963,8.03074,1.00,1.00
2018.05.15 10:41:35.152,8.02967,8.03074,1.00,1.00
2018.05.15 10:41:35.204,8.02981,8.03094,1.00,1.00
2018.05.15 10:41:37.658,8.02969,8.03074,1.00,1.00
2018.05.15 10:41:37.760,8.02966,8.03074,1.00,1.00
2018.05.15 10:41:38.622,8.02969,8.03074,1.00,1.00
2018.05.15 10:41:39.028,8.02975,8.03074,1.00,1.00
2018.05.15 10:41:40.362,8.02973,8.03074,1.00,1.00
2018.05.15 10:41:42.735,8.0297,8.03074,1.00,1.00
2018.05.15 10:41:44.825,8.02969,8.03074,1.00,1.00
2018.05.15 10:41:45.475,8.02968,8.03074,1.00,1.00
2018.05.15 10:41:48.739,8.02974,8.03086,1.00,1.00
2018.05.15 10:41:52.393,8.0298,8.03086,1.00,1.00
2018.05.15 10:41:57.360,8.02996,8.031,1.00,1.00
2018.05.15 10:41:57.464,8.03011,8.0312,1.00,1.00
2018.05.15 10:41:57.696,8.03007,8.0312,1.50,1.00
2018.05.15 10:41:57.747,8.03007,8.03106,1.00,1.00
2018.05.15 10:41:59.825,8.03004,8.03106,1.00,1.00
2018.05.15 10:41:59.927,8.03007,8.03106,1.00,1.00
2018.05.15 10:42:01.479,8.03009,8.03122,1.00,1.00
2018.05.15 10:42:01.595,8.03012,8.03122,1.00,1.00
2018.05.15 10:42:06.536,8.03009,8.03122,1.00,1.00
2018.05.15 10:42:09.732,8.03,8.03101,1.00,1.00
2018.05.15 10:42:09.785,8.02989,8.03101,1.00,1.00
2018.05.15 10:42:16.383,8.02994,8.03101,1.00,1.00
2018.05.15 10:42:17.320,8.02995,8.03101,1.00,1.00
2018.05.15 10:42:17.637,8.03005,8.03101,1.00,1.00
2018.05.15 10:42:18.376,8.03006,8.03101,1.00,1.00
2018.05.15 10:42:19.461,8.03011,8.03101,1.00,1.00
2018.05.15 10:42:19.903,8.03013,8.03101,1.00,1.00
2018.05.15 10:42:20.006,8.0302,8.03123,1.00,1.00
2018.05.15 10:42:20.178,8.03035,8.03123,1.00,1.00
2018.05.15 10:42:20.485,8.03036,8.03142,1.00,1.00
2018.05.15 10:42:20.949,8.03034,8.03142,1.00,1.00
2018.05.15 10:42:21.115,8.03038,8.03142,1.00,1.00
2018.05.15 10:42:21.355,8.03034,8.03142,1.00,1.00
2018.05.15 10:42:21.407,8.03029,8.03142,1.00,1.00
2018.05.15 10:42:21.459,8.03018,8.0313,1.00,1.00
2018.05.15 10:42:21.682,8.02977,8.0309,1.00,1.00
2018.05.15 10:42:22.066,8.02954,8.03066,1.00,1.00
2018.05.15 10:42:22.368,8.02954,8.0305,1.00,1.00
2018.05.15 10:42:22.738,8.02955,8.03065,1.00,1.00
2018.05.15 10:42:23.081,8.02958,8.03065,1.00,1.00
2018.05.15 10:42:23.133,8.02955,8.03065,1.00,1.00
2018.05.15 10:42:23.287,8.02966,8.03077,1.00,1.00
2018.05.15 10:42:26.256,8.02953,8.03064,1.00,1.00
2018.05.15 10:42:27.223,8.0296,8.03064,1.00,1.00
2018.05.15 10:42:27.275,8.02958,8.03064,1.00,1.00
2018.05.15 10:42:29.360,8.02955,8.03064,1.00,1.00
2018.05.15 10:42:29.411,8.02959,8.03064,1.00,1.00
2018.05.15 10:42:30.179,8.02953,8.03064,1.00,1.00
2018.05.15 10:42:30.901,8.02952,8.03064,1.00,1.00
2018.05.15 10:42:30.953,8.02984,8.03075,1.00,1.00
2018.05.15 10:42:31.207,8.02982,8.03091,1.00,1.00
2018.05.15 10:42:31.509,8.02995,8.03104,1.00,1.00
2018.05.15 10:42:31.858,8.03014,8.03117,1.00,1.00
2018.05.15 10:42:32.662,8.03013,8.03117,1.00,1.00
2018.05.15 10:42:33.465,8.03023,8.03135,1.00,1.00
2018.05.15 10:42:34.723,8.03026,8.03135,1.00,1.00
2018.05.15 10:42:34.899,8.03053,8.03163,1.00,1.00
2018.05.15 10:42:35.429,8.03039,8.03152,1.00,1.00
2018.05.15 10:42:36.602,8.03066,8.03172,1.00,1.00
2018.05.15 10:42:36.653,8.0306,8.03172,1.00,1.00
2018.05.15 10:42:36.806,8.03064,8.03158,1.00,1.00
2018.05.15 10:42:36.968,8.03058,8.03158,1.00,1.00
2018.05.15 10:42:37.391,8.03064,8.03158,1.00,1.00
2018.05.15 10:42:37.442,8.03068,8.03181,1.00,1.00
2018.05.15 10:42:37.746,8.03054,8.03166,1.00,1.00
2018.05.15 10:42:38.509,8.03059,8.03166,1.00,1.00
2018.05.15 10:42:38.719,8.03071,8.0318,1.00,1.00
2018.05.15 10:42:38.771,8.03082,8.03194,1.00,1.00
2018.05.15 10:42:38.891,8.03071,8.03176,1.00,1.00
2018.05.15 10:42:39.328,8.03081,8.03193,1.00,1.00
2018.05.15 10:42:43.725,8.03082,8.03193,1.00,1.00
2018.05.15 10:42:44.039,8.03085,8.03193,1.00,1.00
2018.05.15 10:42:44.682,8.03081,8.03193,1.00,1.00
2018.05.15 10:42:45.685,8.03086,8.03193,1.00,1.00
2018.05.15 10:42:46.172,8.03082,8.03193,1.00,1.00
2018.05.15 10:42:52.326,8.03084,8.03193,1.00,1.00
2018.05.15 10:42:52.393,8.03081,8.03193,1.50,1.00
2018.05.15 10:43:01.606,8.03082,8.03194,1.00,1.00
2018.05.15 10:43:03.602,8.03098,8.03208,1.00,1.00
2018.05.15 10:43:03.655,8.03115,8.03228,1.00,1.50
2018.05.15 10:43:11.188,8.03116,8.03228,1.00,1.00
2018.05.15 10:43:11.833,8.03115,8.03228,1.00,1.00
2018.05.15 10:43:13.607,8.03102,8.03214,1.00,1.00
2018.05.15 10:43:14.657,8.03119,8.03231,1.00,1.00
2018.05.15 10:43:16.917,8.03139,8.03251,1.00,1.00
2018.05.15 10:43:20.702,8.03155,8.03267,1.00,1.00
2018.05.15 10:43:21.184,8.03168,8.03281,1.00,1.00
2018.05.15 10:43:21.288,8.03182,8.03294,1.00,1.00
2018.05.15 10:43:21.670,8.03163,8.03273,1.00,1.00
2018.05.15 10:43:22.134,8.03183,8.03293,1.00,1.00
2018.05.15 10:43:22.396,8.03196,8.03307,1.00,1.00
2018.05.15 10:43:25.794,8.03175,8.03288,1.00,1.00
2018.05.15 10:43:25.846,8.03162,8.03274,1.00,1.00
2018.05.15 10:43:26.153,8.03128,8.0324,1.00,1.00
2018.05.15 10:43:26.465,8.03162,8.03274,1.00,1.00
2018.05.15 10:43:27.436,8.03165,8.03274,1.00,1.00
2018.05.15 10:43:27.645,8.03163,8.03274,1.00,1.00
2018.05.15 10:43:28.556,8.03183,8.03293,1.00,1.00
2018.05.15 10:43:28.660,8.03202,8.03315,1.00,1.00
2018.05.15 10:43:32.490,8.03217,8.0333,1.00,1.00
2018.05.15 10:43:37.918,8.03205,8.03315,1.00,1.00
2018.05.15 10:43:38.020,8.03184,8.03296,1.00,1.00
2018.05.15 10:43:38.325,8.03164,8.03276,1.00,1.00
2018.05.15 10:43:38.753,8.03176,8.03276,1.00,1.00
2018.05.15 10:43:38.931,8.0319,8.03303,1.00,1.00
2018.05.15 10:43:39.034,8.0317,8.03283,1.00,1.00
2018.05.15 10:43:39.608,8.03158,8.03268,1.00,1.00
2018.05.15 10:43:44.538,8.03146,8.03248,1.00,1.00
2018.05.15 10:43:44.590,8.03136,8.03248,1.00,1.00
2018.05.15 10:43:44.643,8.03122,8.03235,1.00,1.00
2018.05.15 10:43:45.052,8.0311,8.03221,1.00,1.00
2018.05.15 10:43:45.207,8.0309,8.03203,1.00,1.00
2018.05.15 10:43:45.310,8.03078,8.0319,1.00,1.00
2018.05.15 10:43:45.681,8.03053,8.03164,1.00,1.00
2018.05.15 10:43:46.596,8.03061,8.03164,1.00,1.00
2018.05.15 10:43:48.860,8.03053,8.03164,1.00,1.00
2018.05.15 10:43:53.927,8.03055,8.03164,1.00,1.00
2018.05.15 10:43:55.115,8.03053,8.03164,1.00,1.00
2018.05.15 10:43:57.154,8.0304,8.03152,1.00,1.00
2018.05.15 10:43:57.260,8.03039,8.03139,1.00,1.00
2018.05.15 10:43:59.345,8.03042,8.03139,1.00,1.00
2018.05.15 10:43:59.895,8.03039,8.03139,1.00,1.00
2018.05.15 10:43:59.999,8.03026,8.03139,1.50,1.00
2018.05.15 10:44:00.153,8.03014,8.03118,1.00,1.00
2018.05.15 10:44:02.928,8.03013,8.03118,1.00,1.00
2018.05.15 10:44:03.856,8.03018,8.03118,1.00,1.00
2018.05.15 10:44:07.428,8.03011,8.03118,1.00,1.00
2018.05.15 10:44:14.826,8.03014,8.03118,1.00,1.00
2018.05.15 10:44:17.026,8.03031,8.03141,1.50,1.00
2018.05.15 10:44:17.146,8.03033,8.03141,1.00,1.00
2018.05.15 10:44:20.433,8.03037,8.03141,1.00,1.00
2018.05.15 10:44:21.492,8.0304,8.03141,1.00,1.00
2018.05.15 10:44:21.543,8.0305,8.03162,1.50,1.00
2018.05.15 10:44:21.595,8.03064,8.03162,1.00,1.00
2018.05.15 10:44:21.747,8.03075,8.03174,1.00,1.00
2018.05.15 10:44:22.296,8.03076,8.03174,1.00,1.00
2018.05.15 10:44:22.348,8.03078,8.03174,1.00,1.00
2018.05.15 10:44:22.400,8.03069,8.03174,1.00,1.00
2018.05.15 10:44:22.451,8.03073,8.03174,1.00,1.00
2018.05.15 10:44:23.243,8.03075,8.03174,1.00,1.00
2018.05.15 10:44:26.604,8.03074,8.03174,1.00,1.00
2018.05.15 10:44:26.709,8.03069,8.03174,1.00,1.00
2018.05.15 10:44:27.921,8.03074,8.03174,1.00,1.00
2018.05.15 10:44:29.825,8.03075,8.03174,1.00,1.00
2018.05.15 10:44:33.614,8.03081,8.0319,1.00,1.00
2018.05.15 10:44:33.676,8.03101,8.0321,1.00,1.00
2018.05.15 10:44:33.728,8.03112,8.03225,1.00,1.00
2018.05.15 10:44:35.347,8.03099,8.03211,1.00,1.00
2018.05.15 10:44:35.930,8.03101,8.03211,1.00,1.00
2018.05.15 10:44:35.981,8.03099,8.03211,1.00,1.00
2018.05.15 10:44:37.753,8.03103,8.03211,1.00,1.00
2018.05.15 10:44:37.856,8.03099,8.03211,1.50,1.00
2018.05.15 10:44:38.829,8.03111,8.03211,1.00,1.00
2018.05.15 10:44:39.792,8.03115,8.03211,1.00,1.00
2018.05.15 10:44:40.404,8.03118,8.03211,1.00,1.00
2018.05.15 10:44:42.771,8.03122,8.03211,1.00,1.00
2018.05.15 10:44:43.258,8.03122,8.03224,1.00,1.00
2018.05.15 10:44:43.311,8.03139,8.03224,1.00,1.00
2018.05.15 10:44:43.370,8.0313,8.03224,1.00,1.00
2018.05.15 10:44:44.825,8.03134,8.03224,1.00,1.00
2018.05.15 10:44:45.468,8.03135,8.03224,1.00,1.00
2018.05.15 10:44:50.278,8.03138,8.03224,1.00,1.00
2018.05.15 10:44:51.184,8.03134,8.03224,1.00,1.00
2018.05.15 10:44:51.235,8.03116,8.03224,1.00,1.00
2018.05.15 10:44:51.339,8.03116,8.03211,1.00,1.00
2018.05.15 10:44:52.444,8.03113,8.03211,1.00,1.00
2018.05.15 10:44:53.565,8.03106,8.03199,1.00,1.00
2018.05.15 10:44:53.669,8.03111,8.03212,1.00,1.00
2018.05.15 10:44:54.489,8.03113,8.03212,1.00,1.00
2018.05.15 10:44:54.541,8.03107,8.03212,1.00,1.00
2018.05.15 10:44:55.836,8.03106,8.03212,1.00,1.00
2018.05.15 10:44:58.764,8.03111,8.03212,1.00,1.00
2018.05.15 10:44:59.877,8.03109,8.03212,1.00,1.00
2018.05.15 10:44:59.929,8.03107,8.03212,1.00,1.00
2018.05.15 10:45:00.708,8.03106,8.03212,1.00,1.00
2018.05.15 10:45:02.085,8.03112,8.03212,1.00,1.00
2018.05.15 10:45:02.285,8.03109,8.03212,1.00,1.00
2018.05.15 10:45:02.730,8.03109,8.03199,1.00,1.00
2018.05.15 10:45:03.592,8.03098,8.03199,1.00,1.00
2018.05.15 10:45:07.427,8.03096,8.03199,1.00,1.00
2018.05.15 10:45:09.981,8.03091,8.03199,1.00,1.00
2018.05.15 10:45:10.260,8.03061,8.03171,1.00,1.00
2018.05.15 10:45:10.365,8.03041,8.03145,1.00,1.00
2018.05.15 10:45:11.604,8.03044,8.03145,1.00,1.00
2018.05.15 10:45:15.048,8.03041,8.03145,1.00,1.00
2018.05.15 10:45:15.560,8.0304,8.03145,1.00,1.00
2018.05.15 10:45:15.665,8.03033,8.03145,1.00,1.00
2018.05.15 10:45:15.854,8.03039,8.03145,1.00,1.00
2018.05.15 10:45:16.187,8.03043,8.03138,1.00,1.00
2018.05.15 10:45:18.816,8.03037,8.03138,1.00,1.00
2018.05.15 10:45:19.853,8.03041,8.03138,1.00,1.00
2018.05.15 10:45:21.079,8.03007,8.03119,1.00,1.00
2018.05.15 10:45:21.182,8.02981,8.03091,1.00,1.00
2018.05.15 10:45:21.234,8.02978,8.03091,1.00,1.00
2018.05.15 10:45:21.286,8.02967,8.03073,1.00,1.00
2018.05.15 10:45:22.141,8.02967,8.03059,1.00,1.00
2018.05.15 10:45:23.307,8.02974,8.03074,1.00,1.00
2018.05.15 10:45:23.359,8.02967,8.03074,1.00,1.00
2018.05.15 10:45:24.412,8.02967,8.03074,1.37,1.00
2018.05.15 10:45:24.617,8.0308,8.03183,1.00,1.00
2018.05.15 10:45:24.669,8.03077,8.03183,1.00,1.00
2018.05.15 10:45:24.720,8.0308,8.03183,1.00,1.00
2018.05.15 10:45:24.927,8.03073,8.03183,1.00,1.00
2018.05.15 10:45:24.978,8.03043,8.03155,1.00,1.00
2018.05.15 10:45:25.081,8.03029,8.03139,1.00,1.00
2018.05.15 10:45:25.763,8.03047,8.0316,1.00,1.00
2018.05.15 10:45:26.439,8.03037,8.03145,1.00,1.00
2018.05.15 10:45:26.576,8.03032,8.03145,1.50,1.00
2018.05.15 10:45:27.017,8.03018,8.03129,1.00,1.00
2018.05.15 10:45:27.120,8.03002,8.03114,1.00,1.00
2018.05.15 10:45:27.223,8.02989,8.03101,1.00,1.00
2018.05.15 10:45:32.013,8.03011,8.03124,1.00,1.00
2018.05.15 10:45:51.097,8.03021,8.03131,1.00,1.00
2018.05.15 10:45:56.942,8.03002,8.03114,1.00,1.00
2018.05.15 10:45:57.046,8.02968,8.03081,1.00,1.00
2018.05.15 10:46:07.779,8.02956,8.03066,1.00,1.00
2018.05.15 10:46:07.883,8.02935,8.03047,1.00,1.00
2018.05.15 10:46:08.911,8.02951,8.03063,1.00,1.00
2018.05.15 10:46:16.063,8.02951,8.03062,1.00,1.00
2018.05.15 10:46:16.370,8.02902,8.03007,1.00,1.00
2018.05.15 10:46:16.623,8.02897,8.03007,1.00,1.00
2018.05.15 10:46:16.674,8.02899,8.03007,1.00,1.00
2018.05.15 10:46:17.187,8.02903,8.03007,1.00,1.00
2018.05.15 10:46:20.260,8.02909,8.03022,1.00,1.00
2018.05.15 10:46:23.429,8.02931,8.03041,1.00,1.00
2018.05.15 10:46:23.534,8.02952,8.03063,1.00,1.00
2018.05.15 10:46:28.025,8.02965,8.03077,1.00,1.00
2018.05.15 10:46:28.538,8.02985,8.03098,1.00,1.00
2018.05.15 10:46:29.309,8.02988,8.03098,1.00,1.00
2018.05.15 10:46:29.515,8.03002,8.03114,1.00,1.00
2018.05.15 10:46:30.269,8.02986,8.03097,1.00,1.00
2018.05.15 10:46:32.150,8.02984,8.03097,1.00,1.00
2018.05.15 10:46:32.649,8.02987,8.03097,1.00,1.00
2018.05.15 10:46:34.274,8.02984,8.03097,1.00,1.00
2018.05.15 10:46:39.857,8.02982,8.03082,1.00,1.00
2018.05.15 10:46:39.909,8.02969,8.03082,1.00,1.00
2018.05.15 10:46:42.108,8.02977,8.03082,1.00,1.00
2018.05.15 10:46:42.562,8.02983,8.03082,1.00,1.00
2018.05.15 10:46:42.937,8.02979,8.03082,1.00,1.00
2018.05.15 10:46:44.848,8.02981,8.03082,1.00,1.00
2018.05.15 10:46:45.265,8.02972,8.03067,1.00,1.00
2018.05.15 10:46:45.419,8.02968,8.03067,1.00,1.00
2018.05.15 10:46:45.471,8.02965,8.03067,1.00,1.00
2018.05.15 10:46:48.813,8.02972,8.03067,1.00,1.00
2018.05.15 10:46:48.864,8.02982,8.03082,1.00,1.00
2018.05.15 10:46:48.916,8.0299,8.03082,1.00,1.00
2018.05.15 10:46:48.968,8.02995,8.03095,1.00,1.00
2018.05.15 10:46:49.103,8.0301,8.03095,1.00,1.00
2018.05.15 10:46:49.155,8.03015,8.03122,1.00,1.00
2018.05.15 10:46:49.208,8.03025,8.03122,1.00,1.00
2018.05.15 10:46:49.416,8.03035,8.03136,1.00,1.00
2018.05.15 10:46:49.468,8.03046,8.03136,1.00,1.00
2018.05.15 10:46:49.520,8.03057,8.03156,1.00,1.00
2018.05.15 10:46:49.735,8.03052,8.03156,1.00,1.00
2018.05.15 10:46:49.786,8.03046,8.03156,1.00,1.00
2018.05.15 10:46:50.999,8.03103,8.03156,1.00,1.00
2018.05.15 10:46:51.050,8.03099,8.03156,1.00,1.00
2018.05.15 10:46:51.102,8.03128,8.0319,1.00,1.00
2018.05.15 10:46:51.204,8.03146,8.0323,1.00,1.00
2018.05.15 10:46:51.306,8.03154,8.03246,1.00,1.00
2018.05.15 10:46:51.357,8.03154,8.03263,1.00,1.00
2018.05.15 10:46:52.275,8.03174,8.03263,1.00,1.00
2018.05.15 10:46:52.377,8.03186,8.03284,1.00,1.00
2018.05.15 10:46:52.428,8.03187,8.03299,1.00,1.00
2018.05.15 10:46:53.417,8.03199,8.03312,1.00,1.00
2018.05.15 10:46:53.468,8.03202,8.03312,1.00,1.00
2018.05.15 10:46:53.571,8.03219,8.03331,1.00,1.00
2018.05.15 10:46:54.442,8.03223,8.03331,1.00,1.00
2018.05.15 10:46:55.291,8.03232,8.03331,1.00,1.00
2018.05.15 10:46:55.599,8.03259,8.03352,1.00,1.00
2018.05.15 10:46:56.051,8.03268,8.03352,1.00,1.00
2018.05.15 10:46:56.380,8.03268,8.03368,1.00,1.00
2018.05.15 10:46:58.254,8.03277,8.03389,1.00,1.00
2018.05.15 10:46:58.522,8.03286,8.03389,1.00,1.00
2018.05.15 10:46:58.778,8.03282,8.03389,1.00,1.00
2018.05.15 10:46:59.826,8.03285,8.03389,1.00,1.00
2018.05.15 10:47:00.353,8.03284,8.03389,1.00,1.00
2018.05.15 10:47:00.675,8.03312,8.03389,1.00,1.00
2018.05.15 10:47:00.727,8.03311,8.03406,1.00,1.00
2018.05.15 10:47:00.779,8.03307,8.03406,1.00,1.00
2018.05.15 10:47:00.886,8.03311,8.03406,1.00,1.00
2018.05.15 10:47:01.936,8.03314,8.03406,1.00,1.00
2018.05.15 10:47:01.986,8.03311,8.03406,1.00,1.00
2018.05.15 10:47:02.866,8.03316,8.03425,1.00,1.00
2018.05.15 10:47:03.054,8.03313,8.03425,1.00,1.00
2018.05.15 10:47:03.105,8.03315,8.03425,1.00,1.00
2018.05.15 10:47:05.041,8.03323,8.03425,1.00,1.00
2018.05.15 10:47:05.784,8.03328,8.0344,1.00,1.00
2018.05.15 10:47:07.376,8.03329,8.0344,1.00,1.00
2018.05.15 10:47:07.427,8.03331,8.0344,1.00,1.00
2018.05.15 10:47:07.479,8.03328,8.0344,1.50,1.00
2018.05.15 10:47:07.583,8.03318,8.03427,1.00,1.00
2018.05.15 10:47:10.906,8.03327,8.03427,1.00,1.00
2018.05.15 10:47:12.394,8.03327,8.03439,1.00,1.00
2018.05.15 10:47:12.962,8.03343,8.03439,1.00,1.00
2018.05.15 10:47:14.826,8.0335,8.03439,1.00,1.00
2018.05.15 10:47:15.031,8.03353,8.03464,1.00,1.00
2018.05.15 10:47:15.640,8.03354,8.03464,1.00,1.00
2018.05.15 10:47:16.705,8.03352,8.0345,1.00,1.00
2018.05.15 10:47:16.999,8.03345,8.0345,1.00,1.00
2018.05.15 10:47:17.053,8.0334,8.0345,1.00,1.00
2018.05.15 10:47:17.104,8.03321,8.03424,1.00,1.00
2018.05.15 10:47:17.290,8.03317,8.03424,1.00,1.00
2018.05.15 10:47:22.342,8.0332,8.03424,1.00,1.00
2018.05.15 10:47:22.815,8.03322,8.03424,1.00,1.00
2018.05.15 10:47:24.151,8.03314,8.03424,1.00,1.00
2018.05.15 10:47:24.203,8.03312,8.03424,1.00,1.00
2018.05.15 10:47:26.242,8.03309,8.03411,1.00,1.00
2018.05.15 10:47:26.569,8.03309,8.03397,1.00,1.00
2018.05.15 10:47:27.464,8.03323,8.03411,1.00,1.00
2018.05.15 10:47:29.550,8.03323,8.03424,1.00,1.00
2018.05.15 10:47:29.894,8.03325,8.03424,1.00,1.00
2018.05.15 10:47:31.297,8.03331,8.03424,1.00,1.00
2018.05.15 10:47:31.833,8.03334,8.03439,1.00,1.00
2018.05.15 10:47:32.600,8.03342,8.03439,1.00,1.00
2018.05.15 10:47:32.652,8.0335,8.03455,1.00,1.00
2018.05.15 10:47:33.718,8.0336,8.03455,1.00,1.00
2018.05.15 10:47:34.236,8.03372,8.03455,1.00,1.00
2018.05.15 10:47:36.174,8.03383,8.0347,1.00,1.00
2018.05.15 10:47:36.225,8.03388,8.0347,1.00,1.00
2018.05.15 10:47:36.378,8.03394,8.0349,1.00,1.00
2018.05.15 10:47:36.814,8.03406,8.0351,1.00,1.00
2018.05.15 10:47:37.335,8.03405,8.0351,1.00,1.00
2018.05.15 10:47:37.438,8.03402,8.0351,1.00,1.00
2018.05.15 10:47:39.369,8.034,8.0351,1.00,1.00
2018.05.15 10:47:44.764,8.03403,8.0351,1.00,1.00
2018.05.15 10:47:45.477,8.03409,8.0351,1.00,1.00
2018.05.15 10:47:45.853,8.03412,8.0351,1.00,1.00
2018.05.15 10:47:46.721,8.03423,8.0351,1.00,1.00
2018.05.15 10:47:47.928,8.03426,8.0351,1.00,1.00
2018.05.15 10:47:48.030,8.03426,8.03527,1.00,1.00
2018.05.15 10:47:48.925,8.03443,8.03527,1.00,1.00
2018.05.15 10:47:49.142,8.03433,8.03527,1.00,1.00
2018.05.15 10:47:52.081,8.03437,8.03527,1.00,1.00
2018.05.15 10:47:52.411,8.03442,8.03527,1.00,1.00
