2013.08.13 15:00:00.078,5.90538,5.90724,2.40,1.50
2013.08.13 15:00:00.428,5.90553,5.90744,1.50,1.50
2013.08.13 15:00:00.674,5.90537,5.90769,1.50,1.65
2013.08.13 15:00:00.795,5.90552,5.90769,1.50,1.65
2013.08.13 15:00:01.384,5.90553,5.90769,1.50,1.65
2013.08.13 15:00:01.444,5.90553,5.90769,1.50,1.65
2013.08.13 15:00:01.564,5.90565,5.90775,1.50,1.50
2013.08.13 15:00:01.624,5.90565,5.90781,1.50,1.50
2013.08.13 15:00:01.684,5.90565,5.90775,1.50,1.35
2013.08.13 15:00:01.803,5.90592,5.90783,1.50,1.35
2013.08.13 15:00:02.044,5.90574,5.90775,1.50,1.35
2013.08.13 15:00:02.285,5.90567,5.90774,1.50,1.35
2013.08.13 15:00:05.873,5.90538,5.90756,1.50,2.10
2013.08.13 15:00:05.933,5.90536,5.90724,1.65,1.35
2013.08.13 15:00:06.174,5.9051,5.90724,1.65,1.35
2013.08.13 15:00:06.234,5.90494,5.90723,1.65,2.72
2013.08.13 15:00:06.537,5.90479,5.90702,1.65,1.50
2013.08.13 15:00:06.894,5.90568,5.90713,1.65,2.18
2013.08.13 15:00:06.955,5.90568,5.90808,3.15,1.65
2013.08.13 15:00:07.014,5.90568,5.90806,3.15,1.50
2013.08.13 15:00:07.466,5.90584,5.90823,1.65,2.40
2013.08.13 15:00:08.023,5.90584,5.90823,1.65,2.40
2013.08.13 15:00:08.656,5.90584,5.90808,1.50,1.65
2013.08.13 15:00:08.963,5.90584,5.90806,1.50,1.50
2013.08.13 15:00:09.804,5.90578,5.90803,1.50,2.72
2013.08.13 15:00:10.379,5.90582,5.90803,1.50,2.72
2013.08.13 15:00:10.874,5.90587,5.90803,1.50,1.97
2013.08.13 15:00:10.935,5.90593,5.90803,1.50,1.97
2013.08.13 15:00:10.994,5.90593,5.90812,1.50,1.65
2013.08.13 15:00:11.054,5.90593,5.90833,2.40,1.65
2013.08.13 15:00:11.173,5.90593,5.90833,1.65,1.65
2013.08.13 15:00:11.476,5.90609,5.90836,1.65,1.50
2013.08.13 15:00:12.164,5.90624,5.90836,1.50,1.50
2013.08.13 15:00:13.045,5.90624,5.90836,1.50,1.50
2013.08.13 15:00:14.304,5.90624,5.90837,1.50,1.35
2013.08.13 15:00:14.425,5.90632,5.90841,2.72,1.35
2013.08.13 15:00:14.483,5.90632,5.90847,1.97,1.65
2013.08.13 15:00:14.603,5.90637,5.90873,4.37,1.65
2013.08.13 15:00:14.725,5.90655,5.90893,1.65,1.65
2013.08.13 15:00:15.084,5.90664,5.90895,1.65,1.35
2013.08.13 15:00:15.614,5.90664,5.90883,1.65,1.50
2013.08.13 15:00:15.935,5.90664,5.90857,1.65,1.35
2013.08.13 15:00:16.385,5.90664,5.90857,1.65,1.35
2013.08.13 15:00:16.567,5.90664,5.90857,1.65,1.35
2013.08.13 15:00:16.885,5.90649,5.90834,1.80,2.25
2013.08.13 15:00:16.946,5.90638,5.90834,1.65,2.25
2013.08.13 15:00:17.007,5.90631,5.90833,1.65,2.25
2013.08.13 15:00:17.518,5.90626,5.9081,1.50,2.03
2013.08.13 15:00:18.024,5.90607,5.9081,1.50,2.03
2013.08.13 15:00:18.365,5.90622,5.90822,1.50,1.35
2013.08.13 15:00:19.504,5.90622,5.90811,1.50,2.55
2013.08.13 15:00:22.779,5.90622,5.90812,1.50,1.50
2013.08.13 15:00:23.243,5.90601,5.90815,1.50,2.85
2013.08.13 15:00:23.545,5.90607,5.90834,1.65,1.50
2013.08.13 15:00:23.904,5.90625,5.90834,1.65,1.50
2013.08.13 15:00:24.085,5.90625,5.90853,1.65,2.72
2013.08.13 15:00:24.324,5.9065,5.90863,1.50,2.40
2013.08.13 15:00:24.683,5.90657,5.90884,1.65,1.50
2013.08.13 15:00:25.504,5.90657,5.90884,1.65,1.50
2013.08.13 15:00:25.833,5.90657,5.90872,1.65,1.50
2013.08.13 15:00:25.954,5.90657,5.90867,1.65,1.35
2013.08.13 15:00:26.317,5.90631,5.90854,1.50,1.50
2013.08.13 15:00:26.633,5.90631,5.90844,1.50,1.50
2013.08.13 15:00:26.943,5.9061,5.90834,1.65,1.50
2013.08.13 15:00:27.807,5.9061,5.90833,1.65,1.50
2013.08.13 15:00:28.137,5.9061,5.90833,1.65,1.50
2013.08.13 15:00:28.314,5.9061,5.90833,1.65,1.50
2013.08.13 15:00:28.593,5.9061,5.90821,1.65,1.35
2013.08.13 15:00:28.923,5.9061,5.90821,1.65,1.35
2013.08.13 15:00:29.453,5.90599,5.90821,1.50,1.35
2013.08.13 15:00:30.164,5.90599,5.90821,1.50,1.35
2013.08.13 15:00:30.756,5.90599,5.90812,1.50,1.50
2013.08.13 15:00:31.197,5.90575,5.90812,1.50,1.50
2013.08.13 15:00:31.514,5.90575,5.90813,1.50,1.65
2013.08.13 15:00:31.575,5.90588,5.90813,1.50,1.65
2013.08.13 15:00:31.941,5.90588,5.90812,1.50,1.50
2013.08.13 15:00:32.012,5.90576,5.90795,1.50,1.50
2013.08.13 15:00:32.744,5.90576,5.90795,1.50,1.50
2013.08.13 15:00:32.864,5.90561,5.90795,1.50,1.50
2013.08.13 15:00:32.984,5.90561,5.9078,1.50,1.65
2013.08.13 15:00:33.283,5.90548,5.9078,1.50,1.65
2013.08.13 15:00:33.344,5.90548,5.9078,1.50,1.65
2013.08.13 15:00:33.463,5.90537,5.9078,1.65,1.65
2013.08.13 15:00:33.724,5.90547,5.90782,1.65,2.10
2013.08.13 15:00:34.683,5.90547,5.90782,1.65,2.10
2013.08.13 15:00:34.743,5.90564,5.90782,1.50,2.10
2013.08.13 15:00:35.848,5.90564,5.90782,1.50,1.50
2013.08.13 15:00:37.053,5.90564,5.90781,1.50,3.60
2013.08.13 15:00:38.093,5.90564,5.90781,1.50,3.60
2013.08.13 15:00:38.394,5.90564,5.9078,1.50,2.48
2013.08.13 15:00:38.453,5.90564,5.90781,1.50,1.50
2013.08.13 15:00:38.823,5.90564,5.90775,1.50,1.65
2013.08.13 15:00:39.393,5.90533,5.90773,1.65,1.50
2013.08.13 15:00:39.453,5.90533,5.90754,1.65,1.35
2013.08.13 15:00:39.573,5.90518,5.90743,1.84,1.97
2013.08.13 15:00:39.694,5.90518,5.90743,1.65,2.72
2013.08.13 15:00:39.753,5.90521,5.90739,1.50,1.65
2013.08.13 15:00:40.028,5.90518,5.90743,1.65,2.72
2013.08.13 15:00:40.273,5.90518,5.90738,1.65,1.50
2013.08.13 15:00:40.803,5.90521,5.90738,1.50,1.50
2013.08.13 15:00:42.123,5.90521,5.90738,1.50,1.50
2013.08.13 15:00:42.502,5.90521,5.90738,1.50,1.50
2013.08.13 15:00:43.096,5.90521,5.90736,1.50,1.50
2013.08.13 15:00:43.624,5.90521,5.90736,1.50,1.50
2013.08.13 15:00:44.532,5.90528,5.90736,1.65,1.50
2013.08.13 15:00:44.908,5.90528,5.90736,1.65,1.50
2013.08.13 15:00:45.502,5.90528,5.90743,1.65,2.72
2013.08.13 15:00:45.625,5.90535,5.90743,1.50,1.97
2013.08.13 15:00:45.803,5.90535,5.90743,1.50,1.97
2013.08.13 15:00:46.794,5.90559,5.90743,1.50,1.97
2013.08.13 15:00:48.163,5.90559,5.90743,1.50,1.97
2013.08.13 15:00:49.045,5.90557,5.90743,1.50,1.97
2013.08.13 15:00:49.574,5.90542,5.90743,1.50,1.97
2013.08.13 15:00:49.694,5.90542,5.90743,1.50,1.97
2013.08.13 15:00:50.073,5.90542,5.90743,1.50,1.97
2013.08.13 15:00:50.324,5.90542,5.90743,1.50,1.97
2013.08.13 15:00:51.074,5.90542,5.90743,1.50,1.97
2013.08.13 15:00:51.453,5.90542,5.90743,1.50,1.97
2013.08.13 15:00:52.121,5.90542,5.90743,1.50,1.97
2013.08.13 15:00:53.595,5.90542,5.90743,1.50,1.97
2013.08.13 15:00:53.804,5.90542,5.90743,1.50,1.97
2013.08.13 15:00:56.024,5.90532,5.90743,1.65,2.72
2013.08.13 15:00:56.083,5.90528,5.90734,1.65,1.50
2013.08.13 15:00:56.204,5.90517,5.90734,1.50,1.50
2013.08.13 15:00:56.845,5.90507,5.90734,1.65,1.50
2013.08.13 15:00:58.006,5.90507,5.90734,1.65,1.50
2013.08.13 15:00:58.423,5.90493,5.90708,1.50,1.65
2013.08.13 15:00:58.814,5.90493,5.90713,1.50,1.50
2013.08.13 15:00:59.084,5.90493,5.90714,1.50,1.50
2013.08.13 15:01:00.125,5.90493,5.90714,1.50,1.50
2013.08.13 15:01:00.444,5.90499,5.90725,1.65,1.35
2013.08.13 15:01:00.963,5.90493,5.90724,1.50,1.65
2013.08.13 15:01:02.943,5.90508,5.90735,1.35,1.50
2013.08.13 15:01:03.244,5.90508,5.90736,1.35,1.50
2013.08.13 15:01:03.699,5.90508,5.90736,1.35,1.50
2013.08.13 15:01:04.274,5.90508,5.90725,1.35,1.65
2013.08.13 15:01:07.213,5.90513,5.90725,2.72,1.65
2013.08.13 15:01:07.273,5.90529,5.90735,1.50,1.65
2013.08.13 15:01:07.394,5.90529,5.90735,1.50,1.35
2013.08.13 15:01:07.454,5.90529,5.90712,1.50,2.55
2013.08.13 15:01:07.773,5.90487,5.90703,1.65,1.50
2013.08.13 15:01:08.374,5.90486,5.90703,1.50,1.50
2013.08.13 15:01:08.913,5.90486,5.90703,1.50,1.50
2013.08.13 15:01:10.521,5.90486,5.90702,1.50,1.50
2013.08.13 15:01:11.315,5.90486,5.9072,1.65,1.65
2013.08.13 15:01:12.626,5.90501,5.9072,1.50,1.65
2013.08.13 15:01:14.304,5.90501,5.9072,1.50,1.65
2013.08.13 15:01:17.174,5.90501,5.90715,1.50,1.65
2013.08.13 15:01:17.496,5.90501,5.90713,1.50,1.65
2013.08.13 15:01:17.556,5.90501,5.90694,1.50,1.80
2013.08.13 15:01:18.275,5.90475,5.90685,1.50,1.65
2013.08.13 15:01:18.615,5.90475,5.90685,1.50,1.65
2013.08.13 15:01:21.656,5.90475,5.90672,1.50,1.65
2013.08.13 15:01:21.714,5.90461,5.90668,1.35,1.65
2013.08.13 15:01:22.073,5.90461,5.90673,1.50,1.65
2013.08.13 15:01:23.317,5.90461,5.90669,1.50,1.65
2013.08.13 15:01:24.273,5.90444,5.90664,1.50,1.65
2013.08.13 15:01:24.574,5.90456,5.90668,1.50,1.65
2013.08.13 15:01:24.637,5.90456,5.90669,1.50,1.65
2013.08.13 15:01:24.695,5.90456,5.90669,1.50,1.65
2013.08.13 15:01:25.764,5.90456,5.90669,1.50,1.65
2013.08.13 15:01:26.123,5.90456,5.90673,1.50,1.50
2013.08.13 15:01:26.553,5.90456,5.90668,1.50,1.65
2013.08.13 15:01:26.901,5.90456,5.90668,1.50,1.65
2013.08.13 15:01:27.167,5.90447,5.90654,2.72,1.65
2013.08.13 15:01:27.228,5.90447,5.90653,2.72,1.65
2013.08.13 15:01:27.904,5.9043,5.90644,1.50,1.50
2013.08.13 15:01:28.674,5.9043,5.90645,1.50,1.50
2013.08.13 15:01:29.864,5.9043,5.90645,1.50,1.50
2013.08.13 15:01:30.384,5.9043,5.90643,1.50,1.50
2013.08.13 15:01:30.845,5.9043,5.90643,1.65,1.50
2013.08.13 15:01:30.904,5.9043,5.90656,1.65,1.50
2013.08.13 15:01:31.275,5.9043,5.90656,1.65,1.50
2013.08.13 15:01:31.534,5.90438,5.90655,1.50,1.65
2013.08.13 15:01:31.714,5.90438,5.90656,1.65,1.50
2013.08.13 15:01:31.896,5.90437,5.90643,1.50,1.73
2013.08.13 15:01:32.244,5.90438,5.90643,1.50,1.73
2013.08.13 15:01:32.593,5.90438,5.90643,1.50,1.73
2013.08.13 15:01:32.725,5.90438,5.90655,1.50,1.50
2013.08.13 15:01:33.694,5.90438,5.90655,1.50,1.50
2013.08.13 15:01:34.254,5.90438,5.90673,1.50,1.65
2013.08.13 15:01:34.374,5.90458,5.90675,1.50,1.65
2013.08.13 15:01:34.493,5.90458,5.90682,1.50,1.35
2013.08.13 15:01:34.674,5.90458,5.9069,2.10,2.03
2013.08.13 15:01:35.786,5.90458,5.9069,2.10,2.03
2013.08.13 15:01:41.324,5.90458,5.90682,2.10,1.50
2013.08.13 15:01:41.506,5.90458,5.90672,1.50,1.88
2013.08.13 15:01:41.566,5.90458,5.90672,1.50,2.63
2013.08.13 15:01:41.624,5.90442,5.90662,1.50,1.50
2013.08.13 15:01:41.965,5.90442,5.90661,1.50,1.50
2013.08.13 15:01:42.894,5.90442,5.90662,1.50,1.50
2013.08.13 15:01:43.105,5.90439,5.90662,1.65,1.50
2013.08.13 15:01:43.165,5.90439,5.90643,1.65,1.50
2013.08.13 15:01:43.404,5.90429,5.90641,1.50,1.65
2013.08.13 15:01:43.703,5.90429,5.90642,1.50,1.65
2013.08.13 15:01:44.705,5.90429,5.90639,1.50,1.65
2013.08.13 15:01:45.484,5.90429,5.90639,1.50,1.65
2013.08.13 15:01:49.724,5.90429,5.90643,1.50,1.50
2013.08.13 15:01:51.700,5.90429,5.90641,1.50,1.65
2013.08.13 15:01:52.265,5.90429,5.90641,1.50,1.65
2013.08.13 15:01:52.470,5.90429,5.90641,1.50,1.65
2013.08.13 15:01:53.024,5.90429,5.90641,1.50,1.65
2013.08.13 15:01:53.553,5.90429,5.90643,1.50,2.40
2013.08.13 15:01:58.684,5.90429,5.90642,1.50,1.65
2013.08.13 15:01:58.806,5.90429,5.90642,1.50,1.65
2013.08.13 15:02:00.124,5.90429,5.90637,1.50,2.93
2013.08.13 15:02:00.685,5.90429,5.90636,1.50,2.70
2013.08.13 15:02:02.325,5.90429,5.90641,1.50,2.63
2013.08.13 15:02:02.387,5.90429,5.90641,1.50,2.63
2013.08.13 15:02:04.555,5.90429,5.90641,1.50,1.65
2013.08.13 15:02:04.933,5.90429,5.90641,1.50,1.65
2013.08.13 15:02:05.937,5.90429,5.90641,1.50,3.30
2013.08.13 15:02:06.011,5.90429,5.90643,1.50,1.65
2013.08.13 15:02:06.073,5.90429,5.90643,1.50,1.65
2013.08.13 15:02:06.134,5.90429,5.90654,1.50,1.50
2013.08.13 15:02:06.424,5.90435,5.90654,1.50,1.50
2013.08.13 15:02:07.515,5.90435,5.90654,1.50,2.40
2013.08.13 15:02:13.739,5.90435,5.90654,1.50,2.40
2013.08.13 15:02:14.104,5.90435,5.90654,1.50,1.50
2013.08.13 15:02:15.263,5.90435,5.90654,1.50,1.50
2013.08.13 15:02:15.564,5.90435,5.90654,1.50,1.50
2013.08.13 15:02:16.194,5.90435,5.90654,1.50,1.50
2013.08.13 15:02:17.493,5.90435,5.90654,1.50,2.40
2013.08.13 15:02:18.955,5.90435,5.90654,1.50,2.40
2013.08.13 15:02:19.133,5.90435,5.90654,1.50,1.50
2013.08.13 15:02:19.404,5.90435,5.90654,1.50,1.50
2013.08.13 15:02:21.041,5.90435,5.90654,1.50,1.50
2013.08.13 15:02:21.325,5.90435,5.90654,1.50,1.50
2013.08.13 15:02:21.884,5.90435,5.90654,1.50,1.50
2013.08.13 15:02:23.561,5.90435,5.90654,1.50,1.50
2013.08.13 15:02:23.871,5.90421,5.9065,1.50,1.50
2013.08.13 15:02:26.923,5.9043,5.9065,1.65,1.50
2013.08.13 15:02:27.492,5.9043,5.90651,1.65,1.50
2013.08.13 15:02:27.558,5.9043,5.90651,1.65,1.50
2013.08.13 15:02:27.864,5.9043,5.90651,1.65,1.50
2013.08.13 15:02:28.524,5.9043,5.90651,1.65,1.50
2013.08.13 15:02:30.954,5.90493,5.90651,1.13,1.50
2013.08.13 15:02:31.014,5.90499,5.90672,1.73,1.97
2013.08.13 15:02:31.073,5.90507,5.90698,3.84,1.04
2013.08.13 15:02:31.194,5.90526,5.90691,1.50,1.13
2013.08.13 15:02:31.374,5.90512,5.90691,1.65,1.13
2013.08.13 15:02:32.102,5.90493,5.90691,1.65,1.13
2013.08.13 15:02:32.163,5.90493,5.90689,1.65,1.13
2013.08.13 15:02:32.474,5.90475,5.90689,1.65,1.13
2013.08.13 15:02:33.877,5.90475,5.90688,1.65,1.13
2013.08.13 15:02:34.114,5.90475,5.90688,1.65,1.13
2013.08.13 15:02:34.595,5.90475,5.90695,1.65,1.50
2013.08.13 15:02:39.764,5.90475,5.9068,1.65,1.50
2013.08.13 15:02:40.313,5.90472,5.90679,1.50,2.70
2013.08.13 15:02:41.545,5.90472,5.90673,1.50,2.10
2013.08.13 15:02:43.996,5.9046,5.90663,1.35,1.50
2013.08.13 15:02:48.195,5.90456,5.90669,1.65,1.50
2013.08.13 15:02:48.314,5.90456,5.90655,1.65,1.95
2013.08.13 15:02:49.164,5.90446,5.90656,1.50,2.48
2013.08.13 15:02:49.487,5.90446,5.90652,1.50,1.80
2013.08.13 15:02:51.404,5.90446,5.90658,1.50,1.65
2013.08.13 15:02:51.558,5.9046,5.9067,1.50,1.35
2013.08.13 15:02:51.684,5.9046,5.9067,1.50,1.35
2013.08.13 15:02:52.233,5.9046,5.90677,1.50,1.50
2013.08.13 15:02:52.593,5.90448,5.90677,1.65,1.50
2013.08.13 15:02:52.713,5.90448,5.9067,1.65,2.33
2013.08.13 15:02:53.120,5.90448,5.90659,1.65,1.50
2013.08.13 15:02:53.774,5.90432,5.90659,1.65,1.50
2013.08.13 15:02:54.345,5.90432,5.90646,1.65,1.50
2013.08.13 15:02:54.613,5.90432,5.90645,1.65,1.50
2013.08.13 15:02:57.613,5.90431,5.90577,1.50,2.10
2013.08.13 15:02:57.733,5.90397,5.90577,1.80,2.10
2013.08.13 15:02:57.858,5.90392,5.90535,2.78,2.18
2013.08.13 15:02:57.928,5.90314,5.90535,1.65,1.58
2013.08.13 15:02:59.384,5.90314,5.90527,1.50,1.50
2013.08.13 15:02:59.564,5.9035,5.90553,1.35,1.65
2013.08.13 15:02:59.623,5.9035,5.90571,1.35,1.65
2013.08.13 15:02:59.683,5.90352,5.90578,1.65,1.50
2013.08.13 15:02:59.743,5.90362,5.90588,1.50,2.63
2013.08.13 15:03:00.634,5.90374,5.90588,1.50,2.63
2013.08.13 15:03:00.694,5.90374,5.90593,1.50,1.65
2013.08.13 15:03:00.874,5.90393,5.90608,1.50,1.65
2013.08.13 15:03:00.934,5.90394,5.90608,1.50,1.65
2013.08.13 15:03:01.114,5.90394,5.90611,1.50,1.95
2013.08.13 15:03:01.746,5.90394,5.90612,1.50,2.48
2013.08.13 15:03:02.289,5.90394,5.90612,1.50,2.10
2013.08.13 15:03:02.473,5.90394,5.90613,1.50,1.50
2013.08.13 15:03:02.794,5.90402,5.90608,1.50,1.65
2013.08.13 15:03:03.424,5.9041,5.90618,1.50,1.88
2013.08.13 15:03:03.484,5.9041,5.90622,1.50,1.97
2013.08.13 15:03:03.544,5.9041,5.90627,1.50,1.65
2013.08.13 15:03:03.664,5.9041,5.9063,1.50,1.35
2013.08.13 15:03:04.166,5.9041,5.9063,1.50,1.35
2013.08.13 15:03:04.527,5.9041,5.90633,1.50,1.50
2013.08.13 15:03:05.513,5.9041,5.90634,1.50,1.50
2013.08.13 15:03:05.875,5.9041,5.90634,1.50,1.50
2013.08.13 15:03:07.244,5.90413,5.90627,1.65,1.50
2013.08.13 15:03:08.619,5.90413,5.90627,1.65,1.50
2013.08.13 15:03:09.439,5.90413,5.90627,1.50,1.50
2013.08.13 15:03:09.634,5.90407,5.90627,1.50,1.50
2013.08.13 15:03:09.694,5.90407,5.90625,1.50,2.33
2013.08.13 15:03:09.753,5.90398,5.90615,1.50,1.50
2013.08.13 15:03:09.935,5.90398,5.90615,1.50,1.50
2013.08.13 15:03:10.054,5.90398,5.90615,1.50,1.50
2013.08.13 15:03:10.556,5.90398,5.90615,1.50,1.50
2013.08.13 15:03:11.474,5.90381,5.90616,1.65,2.40
2013.08.13 15:03:11.894,5.90379,5.9059,1.50,1.65
2013.08.13 15:03:12.204,5.90377,5.90529,1.97,1.58
2013.08.13 15:03:12.384,5.90332,5.90528,1.65,1.95
2013.08.13 15:03:12.967,5.90305,5.90521,1.65,1.50
2013.08.13 15:03:13.473,5.9029,5.90521,1.65,1.50
2013.08.13 15:03:14.449,5.9029,5.90521,1.65,1.50
2013.08.13 15:03:14.864,5.9029,5.90503,1.65,1.65
2013.08.13 15:03:14.925,5.9029,5.90496,1.65,1.50
2013.08.13 15:03:15.104,5.90272,5.90493,1.65,1.50
2013.08.13 15:03:15.851,5.90253,5.90486,1.65,1.65
2013.08.13 15:03:17.064,5.90268,5.90487,1.50,1.65
2013.08.13 15:03:17.424,5.90285,5.905,1.65,1.35
2013.08.13 15:03:18.366,5.90285,5.90493,1.65,1.50
2013.08.13 15:03:18.936,5.90273,5.905,1.50,1.35
2013.08.13 15:03:19.054,5.90282,5.90483,1.65,1.50
2013.08.13 15:03:19.474,5.90273,5.90481,1.50,1.50
2013.08.13 15:03:20.204,5.90265,5.90473,1.65,1.50
2013.08.13 15:03:20.696,5.90265,5.90481,1.65,1.50
2013.08.13 15:03:28.904,5.90249,5.90463,1.65,1.50
2013.08.13 15:03:29.185,5.90249,5.9046,1.65,1.50
2013.08.13 15:03:29.244,5.9023,5.90453,2.55,1.50
2013.08.13 15:03:29.855,5.9022,5.90432,1.50,1.50
2013.08.13 15:03:30.985,5.9022,5.90449,1.50,1.65
2013.08.13 15:03:32.235,5.90235,5.90453,1.50,1.50
2013.08.13 15:03:32.353,5.90235,5.90465,1.50,1.50
2013.08.13 15:03:33.414,5.90235,5.90468,1.50,1.65
2013.08.13 15:03:33.776,5.90248,5.90474,1.65,1.50
2013.08.13 15:03:33.896,5.90268,5.9049,1.65,1.35
2013.08.13 15:03:37.694,5.90268,5.90503,1.65,4.07
2013.08.13 15:03:41.768,5.90268,5.90503,1.65,3.32
2013.08.13 15:03:42.086,5.90284,5.90503,1.65,1.35
2013.08.13 15:03:43.124,5.90285,5.90504,1.50,1.35
2013.08.13 15:03:43.306,5.90285,5.90504,1.50,1.35
2013.08.13 15:03:43.805,5.90303,5.90526,1.65,1.26
2013.08.13 15:03:47.597,5.90303,5.90526,1.65,1.38
2013.08.13 15:03:48.324,5.90292,5.90526,1.65,1.97
2013.08.13 15:03:49.768,5.90316,5.90526,1.35,1.37
2013.08.13 15:03:50.266,5.90352,5.90529,1.65,1.24
2013.08.13 15:03:50.386,5.90337,5.90529,1.65,1.24
2013.08.13 15:03:56.375,5.90315,5.90529,1.50,1.46
2013.08.13 15:03:56.436,5.90313,5.90525,1.65,1.46
2013.08.13 15:03:58.363,5.90313,5.90525,1.65,2.21
2013.08.13 15:04:04.579,5.90313,5.90503,1.65,1.50
2013.08.13 15:04:04.884,5.903,5.90504,1.65,1.50
2013.08.13 15:04:05.775,5.903,5.90505,1.65,1.50
2013.08.13 15:04:09.185,5.90297,5.90496,1.65,1.50
2013.08.13 15:04:09.306,5.90297,5.90482,1.65,1.50
2013.08.13 15:04:09.545,5.90278,5.90475,1.65,1.50
2013.08.13 15:04:09.724,5.90263,5.90472,1.65,1.50
2013.08.13 15:04:11.414,5.90263,5.9049,1.65,1.35
2013.08.13 15:04:11.474,5.90282,5.90491,1.65,1.35
2013.08.13 15:04:14.386,5.90282,5.90513,1.65,1.50
2013.08.13 15:04:15.147,5.90299,5.90514,1.65,1.50
2013.08.13 15:04:15.504,5.90299,5.90512,1.65,1.50
2013.08.13 15:04:16.204,5.90288,5.90512,1.65,1.50
2013.08.13 15:04:18.734,5.90288,5.90495,1.65,3.60
2013.08.13 15:04:18.854,5.90288,5.90485,1.65,1.50
2013.08.13 15:04:18.975,5.90288,5.90483,1.65,1.50
2013.08.13 15:04:19.334,5.90251,5.90462,1.50,1.50
2013.08.13 15:04:20.095,5.90251,5.90462,1.50,1.50
2013.08.13 15:04:25.484,5.90251,5.90466,1.50,1.50
2013.08.13 15:04:29.515,5.90267,5.90483,1.50,1.65
2013.08.13 15:04:29.634,5.90282,5.90483,2.72,1.65
2013.08.13 15:04:30.165,5.90293,5.90518,1.65,1.68
2013.08.13 15:04:30.613,5.90307,5.90518,1.65,1.68
2013.08.13 15:04:31.975,5.90307,5.90518,1.65,1.68
2013.08.13 15:04:33.457,5.90307,5.90518,1.65,1.68
2013.08.13 15:04:34.448,5.90307,5.90518,1.65,1.68
2013.08.13 15:04:34.897,5.90307,5.90518,1.65,1.68
2013.08.13 15:04:35.584,5.90322,5.90518,1.65,1.68
2013.08.13 15:04:35.774,5.90322,5.90519,1.65,1.68
2013.08.13 15:04:35.894,5.90322,5.90519,1.65,1.68
2013.08.13 15:04:36.376,5.90307,5.90526,1.65,1.15
2013.08.13 15:04:36.914,5.90308,5.90516,1.65,1.68
2013.08.13 15:04:38.519,5.90296,5.90512,1.65,1.35
2013.08.13 15:04:40.630,5.90296,5.90497,1.65,1.50
2013.08.13 15:04:46.387,5.90279,5.90492,1.65,1.50
2013.08.13 15:04:46.564,5.90279,5.90492,1.65,1.50
2013.08.13 15:04:48.685,5.90273,5.90492,1.65,1.50
2013.08.13 15:04:57.553,5.90272,5.90502,1.65,1.50
2013.08.13 15:05:00.314,5.90289,5.90506,1.50,1.65
2013.08.13 15:05:00.674,5.90337,5.90539,1.65,1.67
2013.08.13 15:05:01.305,5.90353,5.90535,1.65,1.19
2013.08.13 15:05:03.494,5.90342,5.90541,1.65,1.62
2013.08.13 15:05:03.794,5.90342,5.90541,1.65,1.67
2013.08.13 15:05:04.095,5.90351,5.90541,1.65,1.29
2013.08.13 15:05:09.624,5.90367,5.90541,1.65,1.51
2013.08.13 15:05:09.716,5.90367,5.90541,1.65,1.51
2013.08.13 15:05:10.294,5.90351,5.90541,1.65,1.58
2013.08.13 15:05:10.354,5.9035,5.90541,1.65,1.58
2013.08.13 15:05:10.626,5.90331,5.90541,1.65,1.71
2013.08.13 15:05:11.307,5.90331,5.90541,1.65,1.71
2013.08.13 15:05:12.354,5.90331,5.90541,1.65,1.71
2013.08.13 15:05:13.554,5.90331,5.90541,1.65,1.67
2013.08.13 15:05:14.055,5.90337,5.90546,1.50,1.14
2013.08.13 15:05:14.236,5.90347,5.90573,1.65,2.95
2013.08.13 15:05:14.415,5.90365,5.90592,1.65,1.17
2013.08.13 15:05:14.474,5.90365,5.90555,1.65,1.01
2013.08.13 15:05:14.885,5.90401,5.90555,1.65,1.01
2013.08.13 15:05:16.420,5.90401,5.90555,1.65,1.01
2013.08.13 15:05:16.604,5.90401,5.9062,1.65,1.35
2013.08.13 15:05:16.725,5.90405,5.90624,1.50,1.35
2013.08.13 15:05:16.784,5.90405,5.90545,1.50,1.35
2013.08.13 15:05:16.844,5.90405,5.90545,1.50,1.35
2013.08.13 15:05:16.904,5.90405,5.90525,1.50,1.24
2013.08.13 15:05:17.714,5.90357,5.90525,3.62,1.10
2013.08.13 15:05:17.834,5.90357,5.90525,3.62,1.10
2013.08.13 15:05:18.474,5.90357,5.90525,3.62,1.10
2013.08.13 15:05:18.594,5.90357,5.90525,3.62,1.10
2013.08.13 15:05:18.654,5.90357,5.9059,3.62,1.65
2013.08.13 15:05:18.714,5.90375,5.90592,1.50,1.65
2013.08.13 15:05:18.835,5.90375,5.90592,1.50,1.65
2013.08.13 15:05:18.956,5.90422,5.9062,1.97,1.50
2013.08.13 15:05:19.134,5.90422,5.9065,2.72,1.80
2013.08.13 15:05:19.257,5.90427,5.90675,3.62,2.78
2013.08.13 15:05:19.317,5.90427,5.90688,3.62,1.65
2013.08.13 15:05:19.554,5.90427,5.90683,2.87,1.80
2013.08.13 15:05:19.885,5.90427,5.90683,3.62,1.80
2013.08.13 15:05:20.245,5.90427,5.90662,3.62,1.65
2013.08.13 15:05:21.234,5.90427,5.90675,3.62,1.65
2013.08.13 15:05:25.065,5.90439,5.90677,1.65,1.65
2013.08.13 15:05:25.926,5.90439,5.90691,1.65,1.65
2013.08.13 15:05:26.284,5.90462,5.90698,2.72,1.80
2013.08.13 15:05:26.774,5.90462,5.90698,2.72,1.80
2013.08.13 15:05:27.003,5.90478,5.90716,1.65,1.65
2013.08.13 15:05:29.324,5.90493,5.90736,1.65,1.65
2013.08.13 15:05:30.635,5.90503,5.90734,1.50,1.80
2013.08.13 15:05:31.414,5.9048,5.90713,1.65,1.65
2013.08.13 15:05:31.535,5.90477,5.90713,1.50,1.65
2013.08.13 15:05:31.845,5.90468,5.90699,1.50,1.65
2013.08.13 15:05:31.967,5.90533,5.90752,1.50,1.65
2013.08.13 15:05:32.026,5.90533,5.90747,1.50,1.80
2013.08.13 15:05:32.146,5.90533,5.90755,1.50,1.65
2013.08.13 15:05:33.258,5.90518,5.90744,1.50,1.65
2013.08.13 15:05:33.824,5.90518,5.90742,1.50,1.65
2013.08.13 15:05:35.814,5.90522,5.9075,1.50,1.80
2013.08.13 15:05:36.157,5.90517,5.9073,3.47,1.50
2013.08.13 15:05:36.214,5.90517,5.9073,3.47,1.50
2013.08.13 15:05:36.904,5.90508,5.9073,1.50,1.50
2013.08.13 15:05:37.224,5.90507,5.90727,1.50,1.65
2013.08.13 15:05:37.404,5.90507,5.90727,1.50,1.65
2013.08.13 15:05:37.524,5.90507,5.90721,1.50,1.65
2013.08.13 15:05:38.164,5.90498,5.90721,1.50,1.65
2013.08.13 15:05:44.847,5.90488,5.90713,2.72,1.65
2013.08.13 15:05:45.025,5.90493,5.90725,1.50,1.65
2013.08.13 15:05:45.144,5.90514,5.9073,1.50,1.50
2013.08.13 15:05:45.325,5.90497,5.90725,1.50,1.65
2013.08.13 15:05:45.757,5.90497,5.90723,1.50,1.65
2013.08.13 15:05:49.014,5.90495,5.9073,1.65,3.15
2013.08.13 15:05:49.074,5.90522,5.9073,1.50,2.25
2013.08.13 15:05:49.575,5.90504,5.90723,1.50,1.50
2013.08.13 15:05:50.096,5.90504,5.9073,1.50,2.25
2013.08.13 15:05:50.643,5.90504,5.90723,1.50,1.50
2013.08.13 15:05:50.885,5.90504,5.9073,1.50,2.25
2013.08.13 15:05:51.629,5.90495,5.90722,1.65,1.50
2013.08.13 15:05:51.935,5.90478,5.90713,1.65,1.65
2013.08.13 15:05:52.453,5.90478,5.90712,3.62,1.50
2013.08.13 15:05:52.575,5.90483,5.90712,1.50,1.50
2013.08.13 15:05:53.466,5.90485,5.90713,1.50,2.40
2013.08.13 15:05:54.554,5.90485,5.90713,1.50,2.40
2013.08.13 15:06:14.386,5.90485,5.90718,1.50,1.65
2013.08.13 15:06:14.804,5.90485,5.90718,1.50,1.65
2013.08.13 15:06:14.984,5.90508,5.90722,1.50,1.35
2013.08.13 15:06:15.045,5.90508,5.90727,1.50,1.35
2013.08.13 15:06:16.126,5.9051,5.90722,1.65,1.35
2013.08.13 15:06:17.665,5.9051,5.90727,1.65,1.35
2013.08.13 15:06:17.724,5.9051,5.90722,1.65,1.35
2013.08.13 15:06:21.233,5.90498,5.90713,1.65,1.50
2013.08.13 15:06:25.205,5.90488,5.90703,1.50,1.50
2013.08.13 15:06:25.755,5.90488,5.90702,1.50,1.50
2013.08.13 15:06:29.865,5.90483,5.90692,1.65,1.50
2013.08.13 15:06:29.926,5.90478,5.9067,3.62,1.50
2013.08.13 15:06:30.105,5.90461,5.9067,1.65,1.50
2013.08.13 15:06:30.855,5.90458,5.90673,1.50,1.50
2013.08.13 15:06:33.234,5.90458,5.9067,1.50,1.50
2013.08.13 15:06:33.622,5.90458,5.90672,1.50,1.50
2013.08.13 15:06:34.424,5.90458,5.90683,1.65,1.50
2013.08.13 15:06:34.544,5.90474,5.90686,1.50,1.35
2013.08.13 15:06:34.604,5.90474,5.90693,1.50,1.50
2013.08.13 15:06:34.974,5.90474,5.9069,1.50,1.50
2013.08.13 15:06:35.394,5.90474,5.9069,1.50,1.50
2013.08.13 15:06:37.464,5.90474,5.9069,1.50,1.50
2013.08.13 15:06:37.995,5.90474,5.9069,1.50,1.50
2013.08.13 15:06:44.248,5.90464,5.90673,1.65,1.50
2013.08.13 15:06:44.316,5.90464,5.90667,1.65,1.50
2013.08.13 15:06:45.484,5.90445,5.90662,1.65,1.50
2013.08.13 15:06:50.096,5.90439,5.90661,1.50,1.65
2013.08.13 15:06:51.466,5.90452,5.90682,2.72,1.50
2013.08.13 15:06:52.456,5.90452,5.90683,2.72,1.50
2013.08.13 15:06:54.595,5.90452,5.90682,2.72,1.50
2013.08.13 15:06:54.784,5.90469,5.90686,2.40,1.50
2013.08.13 15:06:55.674,5.90469,5.90687,2.40,1.50
2013.08.13 15:06:56.136,5.90469,5.90683,1.65,1.50
2013.08.13 15:06:56.915,5.90469,5.90682,1.65,1.50
2013.08.13 15:06:57.216,5.90469,5.90706,1.65,1.50
2013.08.13 15:06:57.396,5.90469,5.90706,1.65,1.50
2013.08.13 15:06:58.226,5.90469,5.90706,1.65,1.50
2013.08.13 15:06:58.956,5.90476,5.90702,1.65,1.50
2013.08.13 15:06:59.445,5.90476,5.90703,1.65,1.50
2013.08.13 15:06:59.834,5.90476,5.90692,1.65,1.50
2013.08.13 15:07:00.600,5.90476,5.90703,1.65,1.50
2013.08.13 15:07:01.334,5.90476,5.90692,1.65,1.50
2013.08.13 15:07:01.664,5.90476,5.90706,1.65,1.50
2013.08.13 15:07:02.036,5.90491,5.90692,1.65,1.50
2013.08.13 15:07:02.108,5.90491,5.90706,1.65,1.50
2013.08.13 15:07:03.184,5.90491,5.90703,1.65,1.50
2013.08.13 15:07:09.324,5.90482,5.90693,1.65,1.50
2013.08.13 15:07:17.615,5.90482,5.90699,1.65,1.50
2013.08.13 15:07:21.895,5.90484,5.90703,1.50,1.50
2013.08.13 15:07:21.955,5.90484,5.90703,1.50,1.50
2013.08.13 15:07:22.074,5.90492,5.90703,1.65,1.50
2013.08.13 15:07:23.535,5.90497,5.90703,1.65,1.50
2013.08.13 15:07:26.924,5.90497,5.90703,1.65,1.50
2013.08.13 15:07:29.234,5.90497,5.90693,1.65,1.50
2013.08.13 15:07:30.165,5.90486,5.90702,2.25,1.50
2013.08.13 15:07:30.514,5.90486,5.90692,2.25,1.50
2013.08.13 15:07:31.352,5.90486,5.90702,2.25,1.50
2013.08.13 15:07:35.258,5.90497,5.90692,1.65,1.50
2013.08.13 15:07:35.374,5.90497,5.90703,1.65,1.50
2013.08.13 15:07:35.796,5.90486,5.90692,1.35,1.50
2013.08.13 15:07:35.854,5.90486,5.90702,1.35,1.50
2013.08.13 15:07:35.914,5.90485,5.90712,1.50,1.13
2013.08.13 15:07:36.034,5.90477,5.90702,1.35,1.65
2013.08.13 15:07:36.464,5.90481,5.90702,1.35,1.65
2013.08.13 15:07:37.765,5.90483,5.90711,1.65,1.13
2013.08.13 15:07:37.884,5.90483,5.90702,4.22,1.50
2013.08.13 15:07:38.185,5.90478,5.90702,1.35,1.50
2013.08.13 15:07:38.924,5.90481,5.90705,1.35,1.65
2013.08.13 15:07:39.926,5.90481,5.90705,1.35,1.65
2013.08.13 15:07:40.307,5.90481,5.90705,1.35,1.65
2013.08.13 15:07:40.486,5.90481,5.90719,2.25,1.65
2013.08.13 15:07:43.286,5.90523,5.90752,1.35,3.47
2013.08.13 15:07:43.594,5.90533,5.9075,1.65,1.50
2013.08.13 15:07:43.654,5.90534,5.90773,3.00,1.50
2013.08.13 15:07:43.964,5.90536,5.90773,5.27,1.50
2013.08.13 15:07:44.446,5.90552,5.90773,1.65,1.50
2013.08.13 15:07:44.805,5.90553,5.90773,1.50,1.50
2013.08.13 15:07:44.865,5.90572,5.90791,1.35,1.65
2013.08.13 15:07:45.046,5.90572,5.90792,3.00,1.50
2013.08.13 15:07:45.377,5.90582,5.90792,1.65,1.50
2013.08.13 15:07:46.355,5.90582,5.90812,1.65,1.50
2013.08.13 15:07:46.741,5.90582,5.9082,1.65,1.65
2013.08.13 15:07:46.805,5.90591,5.9082,1.50,1.65
2013.08.13 15:07:47.141,5.90597,5.90813,1.65,1.50
2013.08.13 15:07:47.675,5.90597,5.90808,1.65,1.50
2013.08.13 15:07:47.796,5.90597,5.90812,1.65,1.50
2013.08.13 15:07:48.444,5.90604,5.90821,1.50,1.65
2013.08.13 15:07:48.565,5.90608,5.90832,1.35,1.50
2013.08.13 15:07:48.760,5.90619,5.90836,1.50,1.50
2013.08.13 15:07:49.974,5.90619,5.90836,1.50,1.50
2013.08.13 15:07:50.556,5.90613,5.90812,1.35,1.50
2013.08.13 15:07:52.920,5.90613,5.90823,1.35,1.50
2013.08.13 15:07:53.361,5.90613,5.90812,1.35,1.50
2013.08.13 15:07:53.884,5.90613,5.90822,1.35,1.50
2013.08.13 15:07:54.715,5.90613,5.90807,1.50,1.50
2013.08.13 15:07:54.775,5.90597,5.90807,1.65,1.50
2013.08.13 15:07:54.835,5.90597,5.90812,1.65,1.50
2013.08.13 15:07:56.705,5.90616,5.90824,1.65,1.50
2013.08.13 15:07:56.825,5.90616,5.90824,1.65,1.50
2013.08.13 15:07:58.186,5.90616,5.90824,1.80,1.35
2013.08.13 15:07:58.424,5.90607,5.90823,1.65,2.72
2013.08.13 15:08:00.897,5.90617,5.90823,1.65,2.72
2013.08.13 15:08:01.325,5.90617,5.90797,1.65,1.35
2013.08.13 15:08:01.445,5.90574,5.90769,1.65,1.35
2013.08.13 15:08:01.685,5.90583,5.90778,2.57,1.65
2013.08.13 15:08:01.804,5.90583,5.90794,2.57,1.65
2013.08.13 15:08:01.864,5.90597,5.90832,1.80,1.50
2013.08.13 15:08:02.694,5.90597,5.90823,1.80,1.50
2013.08.13 15:08:02.934,5.90597,5.90823,1.80,1.50
2013.08.13 15:08:04.525,5.90597,5.90823,1.65,1.50
2013.08.13 15:08:05.985,5.90597,5.90812,1.65,1.50
2013.08.13 15:08:06.175,5.90597,5.90812,5.18,1.50
2013.08.13 15:08:06.718,5.90614,5.90833,1.65,1.50
2013.08.13 15:08:06.907,5.90619,5.90833,4.43,1.50
2013.08.13 15:08:07.025,5.90639,5.90863,1.65,1.50
2013.08.13 15:08:07.145,5.90652,5.90863,1.97,1.50
2013.08.13 15:08:07.325,5.90657,5.90872,3.62,1.50
2013.08.13 15:08:07.384,5.90659,5.90873,1.65,1.50
2013.08.13 15:08:07.704,5.90672,5.90873,1.65,1.50
2013.08.13 15:08:08.024,5.90667,5.90883,1.65,1.50
2013.08.13 15:08:08.144,5.90658,5.90883,1.65,1.50
2013.08.13 15:08:08.781,5.90643,5.90872,1.65,1.50
2013.08.13 15:08:09.375,5.90643,5.90853,1.65,1.50
2013.08.13 15:08:09.636,5.90643,5.90862,1.65,1.50
2013.08.13 15:08:09.817,5.90643,5.90852,1.65,1.50
2013.08.13 15:08:11.685,5.90643,5.90853,1.65,1.50
2013.08.13 15:08:12.214,5.90643,5.90853,3.62,1.50
2013.08.13 15:08:12.335,5.90681,5.90879,1.35,1.65
2013.08.13 15:08:12.575,5.90689,5.90902,1.65,1.50
2013.08.13 15:08:12.695,5.90689,5.90902,1.65,1.50
2013.08.13 15:08:12.856,5.90688,5.9089,1.65,1.50
2013.08.13 15:08:12.915,5.90688,5.90882,1.65,1.50
2013.08.13 15:08:13.565,5.90688,5.90891,1.65,1.50
2013.08.13 15:08:13.625,5.90688,5.90912,1.65,1.50
2013.08.13 15:08:13.686,5.90689,5.90912,1.50,1.50
2013.08.13 15:08:13.745,5.90703,5.90921,1.35,1.50
2013.08.13 15:08:13.865,5.90708,5.90921,3.15,1.50
2013.08.13 15:08:13.925,5.90708,5.90923,3.15,1.50
2013.08.13 15:08:14.337,5.90708,5.90921,3.15,1.50
2013.08.13 15:08:14.725,5.90708,5.90921,1.50,1.50
2013.08.13 15:08:14.846,5.90708,5.90921,3.00,1.50
2013.08.13 15:08:14.966,5.90712,5.90921,1.65,1.50
2013.08.13 15:08:16.125,5.90712,5.90921,1.65,1.50
2013.08.13 15:08:16.596,5.90712,5.90923,1.65,1.50
2013.08.13 15:08:16.714,5.90712,5.90923,1.65,1.50
2013.08.13 15:08:16.835,5.90712,5.90913,1.80,1.50
2013.08.13 15:08:17.016,5.9069,5.90913,1.65,1.50
2013.08.13 15:08:18.177,5.9069,5.90912,1.50,1.50
2013.08.13 15:08:23.618,5.9069,5.90907,1.50,1.50
2013.08.13 15:08:25.970,5.90688,5.90907,1.50,1.50
2013.08.13 15:08:26.277,5.90657,5.90843,2.03,1.50
2013.08.13 15:08:26.485,5.9064,5.90843,1.65,1.50
2013.08.13 15:08:26.545,5.9065,5.90872,1.50,1.50
2013.08.13 15:08:30.785,5.90667,5.90872,1.65,1.50
2013.08.13 15:08:30.845,5.90667,5.90862,1.65,1.50
2013.08.13 15:08:31.026,5.90654,5.90862,1.35,1.50
2013.08.13 15:08:31.144,5.90651,5.90862,1.65,1.50
2013.08.13 15:08:31.385,5.90634,5.90833,1.65,1.50
2013.08.13 15:08:31.695,5.90634,5.90843,1.65,1.50
2013.08.13 15:08:32.114,5.90634,5.90833,1.65,1.50
2013.08.13 15:08:33.164,5.90634,5.90842,1.65,1.50
2013.08.13 15:08:35.965,5.90644,5.90858,1.65,1.50
2013.08.13 15:08:36.026,5.90644,5.90873,1.65,1.50
2013.08.13 15:08:36.809,5.90644,5.90858,1.65,1.50
2013.08.13 15:08:37.735,5.90644,5.90858,1.65,1.50
2013.08.13 15:08:37.867,5.90644,5.90843,1.65,1.50
2013.08.13 15:08:38.107,5.90627,5.90824,1.65,1.50
2013.08.13 15:08:38.286,5.90617,5.90824,1.54,1.50
2013.08.13 15:08:38.753,5.90617,5.90824,1.54,1.50
2013.08.13 15:08:41.398,5.90617,5.90802,1.35,1.50
2013.08.13 15:08:45.375,5.90597,5.908,1.65,1.50
2013.08.13 15:08:46.175,5.90597,5.90803,1.65,1.50
2013.08.13 15:08:47.964,5.90597,5.908,1.65,1.50
2013.08.13 15:08:48.084,5.90597,5.90792,1.65,1.50
2013.08.13 15:08:48.205,5.90579,5.9079,1.65,1.50
2013.08.13 15:08:48.385,5.90579,5.90793,1.65,1.50
2013.08.13 15:08:49.054,5.90579,5.9078,1.65,1.35
2013.08.13 15:08:49.355,5.90558,5.90738,1.80,1.50
2013.08.13 15:08:49.417,5.90527,5.90738,1.65,1.50
2013.08.13 15:08:49.535,5.90523,5.90713,1.80,1.50
2013.08.13 15:08:49.786,5.90508,5.9071,1.65,1.50
2013.08.13 15:08:49.845,5.90491,5.90723,1.65,1.50
2013.08.13 15:08:50.085,5.9051,5.90729,1.50,1.50
2013.08.13 15:08:52.145,5.90532,5.90752,1.50,1.50
2013.08.13 15:08:52.204,5.90533,5.90752,1.50,1.50
2013.08.13 15:08:52.447,5.90533,5.90752,2.40,1.50
2013.08.13 15:08:53.440,5.90542,5.90753,1.65,1.50
2013.08.13 15:08:53.896,5.90552,5.90753,1.65,1.50
2013.08.13 15:08:54.267,5.90559,5.90762,1.65,1.50
2013.08.13 15:08:54.825,5.90559,5.90752,1.65,1.50
2013.08.13 15:08:55.147,5.90559,5.90762,1.65,1.50
2013.08.13 15:08:56.798,5.90558,5.90752,1.65,1.50
2013.08.13 15:08:57.645,5.90543,5.90752,1.80,1.50
2013.08.13 15:08:57.824,5.90538,5.90752,1.65,1.50
2013.08.13 15:08:57.884,5.90527,5.90743,2.55,1.50
2013.08.13 15:08:58.125,5.90527,5.90743,1.65,1.50
2013.08.13 15:08:58.187,5.90515,5.90743,1.65,1.50
2013.08.13 15:08:58.365,5.90515,5.90729,1.65,1.35
2013.08.13 15:08:58.484,5.905,5.90729,1.65,1.35
2013.08.13 15:08:58.784,5.905,5.90729,1.65,1.35
2013.08.13 15:09:00.157,5.905,5.90722,1.65,1.50
2013.08.13 15:09:00.396,5.905,5.90703,1.65,1.50
2013.08.13 15:09:00.456,5.905,5.90702,1.65,1.50
2013.08.13 15:09:02.956,5.90485,5.90718,1.65,1.65
2013.08.13 15:09:03.015,5.90485,5.90694,1.65,1.35
2013.08.13 15:09:03.495,5.90485,5.90694,1.58,1.35
2013.08.13 15:09:04.327,5.90485,5.90694,1.73,1.35
2013.08.13 15:09:04.385,5.90485,5.90694,1.73,1.35
2013.08.13 15:09:04.861,5.90485,5.90683,1.88,1.65
2013.08.13 15:09:05.534,5.90493,5.90694,1.50,2.25
2013.08.13 15:09:06.038,5.90493,5.90694,2.25,2.25
2013.08.13 15:09:06.096,5.90493,5.90694,1.50,2.25
2013.08.13 15:09:06.445,5.9046,5.90673,1.65,1.50
2013.08.13 15:09:06.524,5.9046,5.90672,1.65,1.50
2013.08.13 15:09:07.128,5.9046,5.90672,1.65,1.50
2013.08.13 15:09:09.446,5.9046,5.90692,1.65,1.50
2013.08.13 15:09:10.087,5.9046,5.90692,1.65,1.50
2013.08.13 15:09:12.215,5.9046,5.90682,1.65,1.50
2013.08.13 15:09:12.277,5.9046,5.90673,1.65,1.50
2013.08.13 15:09:12.645,5.90444,5.90677,1.65,1.65
2013.08.13 15:09:12.966,5.90444,5.90672,1.65,1.50
2013.08.13 15:09:17.968,5.90429,5.90663,1.65,1.65
2013.08.13 15:09:20.875,5.9044,5.90679,1.65,1.65
2013.08.13 15:09:27.215,5.9044,5.90654,1.65,1.35
2013.08.13 15:09:27.547,5.9044,5.90654,1.65,1.35
2013.08.13 15:09:29.406,5.9043,5.90654,1.65,1.35
2013.08.13 15:09:30.305,5.9043,5.90643,1.65,1.50
2013.08.13 15:09:30.964,5.90416,5.90636,1.69,1.35
2013.08.13 15:09:31.685,5.90411,5.90636,1.84,1.35
2013.08.13 15:09:31.745,5.90411,5.90623,1.84,1.50
2013.08.13 15:09:32.066,5.90411,5.90622,1.84,1.50
2013.08.13 15:09:33.166,5.90396,5.90623,1.84,1.50
2013.08.13 15:09:35.701,5.90396,5.90631,1.65,1.65
2013.08.13 15:09:36.306,5.90406,5.90646,1.65,1.65
2013.08.13 15:09:38.779,5.90406,5.90633,1.65,1.50
2013.08.13 15:09:39.145,5.90394,5.90613,1.65,1.50
2013.08.13 15:09:39.265,5.90368,5.90604,2.91,1.65
2013.08.13 15:09:39.386,5.90368,5.90587,2.91,1.65
2013.08.13 15:09:39.506,5.90363,5.90576,1.50,1.65
2013.08.13 15:09:39.871,5.9036,5.90572,1.35,1.65
2013.08.13 15:09:40.807,5.9036,5.90572,1.35,1.65
2013.08.13 15:09:41.254,5.90337,5.90572,2.72,1.65
2013.08.13 15:09:41.596,5.90337,5.90572,2.72,1.65
2013.08.13 15:09:42.265,5.90349,5.90587,1.65,1.65
2013.08.13 15:09:42.645,5.90337,5.90571,3.62,1.65
2013.08.13 15:09:43.085,5.90392,5.90591,1.50,1.80
2013.08.13 15:09:43.994,5.90392,5.90593,1.50,1.65
2013.08.13 15:09:44.055,5.90392,5.90594,1.50,1.50
2013.08.13 15:09:44.237,5.90393,5.90603,1.50,1.35
2013.08.13 15:09:44.610,5.90393,5.90594,1.50,1.35
2013.08.13 15:09:44.915,5.90393,5.90594,1.50,1.35
2013.08.13 15:09:45.526,5.90393,5.90594,1.50,1.50
2013.08.13 15:09:47.654,5.90356,5.90589,1.65,1.65
2013.08.13 15:09:47.845,5.90356,5.90582,1.65,1.50
2013.08.13 15:09:47.931,5.90356,5.90582,1.65,1.50
2013.08.13 15:09:51.609,5.90356,5.90589,1.65,1.65
2013.08.13 15:09:51.973,5.90356,5.90589,1.65,1.65
2013.08.13 15:09:56.609,5.90356,5.90589,1.65,1.65
2013.08.13 15:09:57.379,5.90338,5.90571,1.65,1.65
2013.08.13 15:09:57.489,5.90338,5.90571,1.65,1.65
2013.08.13 15:10:00.915,5.90338,5.90571,1.65,1.65
2013.08.13 15:10:01.035,5.90338,5.90571,1.65,1.65
2013.08.13 15:10:01.884,5.90338,5.90571,1.65,1.65
2013.08.13 15:10:03.093,5.90338,5.90571,1.65,1.65
2013.08.13 15:10:04.088,5.90338,5.90571,1.65,1.65
2013.08.13 15:10:05.755,5.90338,5.90571,1.65,1.65
2013.08.13 15:10:05.815,5.90344,5.90571,1.50,1.65
2013.08.13 15:10:05.875,5.90351,5.90591,1.65,1.65
2013.08.13 15:10:06.117,5.90384,5.9062,3.00,1.65
2013.08.13 15:10:06.595,5.90396,5.90637,1.65,1.65
2013.08.13 15:10:08.377,5.90384,5.90616,1.35,1.65
2013.08.13 15:10:08.436,5.90384,5.90616,1.35,1.65
2013.08.13 15:10:08.495,5.90384,5.90616,1.35,1.65
2013.08.13 15:10:09.015,5.90387,5.90616,1.50,1.65
2013.08.13 15:10:09.075,5.90399,5.90616,1.50,1.65
2013.08.13 15:10:09.420,5.90435,5.90641,1.50,2.78
2013.08.13 15:10:09.484,5.90431,5.90659,1.35,1.65
2013.08.13 15:10:09.855,5.90442,5.90663,1.65,1.50
2013.08.13 15:10:11.394,5.90433,5.90666,1.65,1.65
2013.08.13 15:10:11.945,5.90433,5.90666,1.65,1.65
2013.08.13 15:10:12.386,5.90433,5.90666,1.65,1.65
2013.08.13 15:10:12.507,5.90433,5.90653,1.65,2.72
2013.08.13 15:10:12.580,5.90433,5.90654,1.65,1.35
2013.08.13 15:10:12.647,5.90442,5.90657,1.35,1.65
2013.08.13 15:10:12.825,5.90463,5.90692,1.65,2.72
2013.08.13 15:10:13.066,5.90479,5.90702,1.65,1.35
2013.08.13 15:10:13.246,5.90511,5.90733,1.65,3.47
2013.08.13 15:10:13.426,5.90511,5.90733,1.65,1.50
2013.08.13 15:10:13.605,5.9053,5.90733,1.65,1.50
2013.08.13 15:10:14.289,5.905,5.90711,1.65,1.35
2013.08.13 15:10:15.974,5.90484,5.90711,1.65,1.35
2013.08.13 15:10:21.764,5.90484,5.90711,1.65,1.35
2013.08.13 15:10:26.735,5.9047,5.90703,1.65,1.65
2013.08.13 15:10:28.035,5.90479,5.90711,1.65,1.35
2013.08.13 15:10:29.520,5.90479,5.90711,1.65,1.35
2013.08.13 15:10:29.848,5.90479,5.90711,1.65,1.35
2013.08.13 15:10:30.176,5.90479,5.90711,1.65,1.35
2013.08.13 15:10:36.333,5.90479,5.90711,1.65,1.35
2013.08.13 15:10:40.292,5.90479,5.90711,1.65,1.35
2013.08.13 15:10:40.675,5.90468,5.90694,2.72,1.65
2013.08.13 15:10:41.714,5.90468,5.90694,2.72,1.65
2013.08.13 15:10:43.507,5.90468,5.90694,2.72,1.65
2013.08.13 15:10:44.806,5.90468,5.90682,3.32,1.50
2013.08.13 15:10:44.987,5.90468,5.90677,3.32,1.50
2013.08.13 15:10:45.106,5.90468,5.90679,1.35,1.65
2013.08.13 15:10:45.167,5.90468,5.9066,1.35,1.65
2013.08.13 15:10:54.117,5.90439,5.90651,1.50,1.50
2013.08.13 15:10:54.666,5.90439,5.90657,1.50,1.65
2013.08.13 15:10:55.608,5.90439,5.90651,1.50,1.50
2013.08.13 15:10:56.025,5.90439,5.90653,1.50,1.50
2013.08.13 15:10:56.819,5.90439,5.90651,1.50,1.50
2013.08.13 15:10:57.325,5.90439,5.90655,1.50,1.65
2013.08.13 15:10:57.636,5.90439,5.90672,1.50,1.65
2013.08.13 15:10:57.816,5.90439,5.90672,1.50,1.65
2013.08.13 15:10:58.644,5.90439,5.90655,1.50,1.65
2013.08.13 15:10:59.677,5.90427,5.90655,2.72,1.65
2013.08.13 15:10:59.736,5.90427,5.90652,2.72,1.50
2013.08.13 15:11:00.036,5.90401,5.90624,1.50,1.65
2013.08.13 15:11:00.338,5.90401,5.90624,1.50,1.65
2013.08.13 15:11:02.268,5.90423,5.9063,1.35,1.65
2013.08.13 15:11:02.387,5.90423,5.90642,1.35,1.65
2013.08.13 15:11:03.574,5.90423,5.90632,1.35,1.50
2013.08.13 15:11:04.135,5.90423,5.90642,1.35,1.65
2013.08.13 15:11:04.254,5.90409,5.90632,1.65,1.35
2013.08.13 15:11:04.905,5.90409,5.90632,1.65,1.35
2013.08.13 15:11:04.965,5.90409,5.90632,1.65,1.35
2013.08.13 15:11:05.215,5.90418,5.90632,1.65,1.35
2013.08.13 15:11:06.255,5.90408,5.90632,1.65,1.35
2013.08.13 15:11:07.506,5.90408,5.90622,1.65,1.50
2013.08.13 15:11:07.626,5.90408,5.90602,1.65,1.50
2013.08.13 15:11:08.155,5.90389,5.90593,1.65,1.50
2013.08.13 15:11:08.515,5.90372,5.90593,1.65,1.50
2013.08.13 15:11:09.088,5.90349,5.90582,1.65,1.65
2013.08.13 15:11:11.285,5.90338,5.90566,1.35,1.65
2013.08.13 15:11:11.346,5.90338,5.90566,1.35,1.65
2013.08.13 15:11:17.786,5.90343,5.9058,1.65,1.35
2013.08.13 15:11:19.216,5.90343,5.90573,1.65,1.50
2013.08.13 15:11:23.787,5.90337,5.90562,2.72,1.50
2013.08.13 15:11:29.617,5.9033,5.90563,1.65,1.65
2013.08.13 15:11:30.344,5.9033,5.90562,1.65,1.50
2013.08.13 15:11:37.105,5.9033,5.90563,1.65,1.65
2013.08.13 15:11:37.346,5.90339,5.90579,2.40,1.65
2013.08.13 15:11:37.705,5.90358,5.90579,1.50,1.65
2013.08.13 15:11:38.245,5.9036,5.9058,1.65,1.35
2013.08.13 15:11:39.296,5.90381,5.90612,1.65,1.50
2013.08.13 15:11:40.006,5.90381,5.90613,1.65,1.35
2013.08.13 15:11:41.948,5.90367,5.90593,1.65,1.50
2013.08.13 15:11:42.645,5.9035,5.90583,1.65,1.65
2013.08.13 15:11:44.462,5.9035,5.90583,1.65,1.65
2013.08.13 15:11:45.452,5.9035,5.90583,1.65,1.65
2013.08.13 15:11:55.076,5.9035,5.90583,1.65,1.65
2013.08.13 15:11:55.682,5.9035,5.90583,1.65,1.65
2013.08.13 15:11:57.357,5.9035,5.90583,1.65,1.65
2013.08.13 15:11:57.475,5.90361,5.90601,1.65,1.35
2013.08.13 15:11:57.654,5.90361,5.90601,1.65,1.35
2013.08.13 15:11:58.028,5.90373,5.90601,1.50,1.35
2013.08.13 15:11:59.976,5.90373,5.90593,1.50,1.50
2013.08.13 15:12:00.096,5.90373,5.90593,1.65,1.50
2013.08.13 15:12:00.355,5.9036,5.90582,1.35,1.50
2013.08.13 15:12:02.846,5.90355,5.90572,1.65,1.50
2013.08.13 15:12:02.967,5.90355,5.90572,1.65,1.50
2013.08.13 15:12:03.383,5.90335,5.90567,1.65,1.65
2013.08.13 15:12:03.445,5.90334,5.90567,1.65,1.65
2013.08.13 15:12:04.315,5.90334,5.90552,1.65,1.50
2013.08.13 15:12:04.435,5.90318,5.90549,1.65,1.35
2013.08.13 15:12:04.555,5.90318,5.90549,1.65,1.35
2013.08.13 15:12:04.735,5.90318,5.90549,1.65,1.35
2013.08.13 15:12:04.855,5.90304,5.90533,1.65,1.50
2013.08.13 15:12:04.975,5.90304,5.90533,1.65,1.50
2013.08.13 15:12:05.415,5.90324,5.90549,1.65,1.35
2013.08.13 15:12:06.697,5.90326,5.90542,1.65,1.50
2013.08.13 15:12:07.138,5.90326,5.90532,1.65,1.50
2013.08.13 15:12:07.736,5.90298,5.90532,1.65,1.65
2013.08.13 15:12:08.135,5.90298,5.90532,1.65,2.40
2013.08.13 15:12:10.615,5.90298,5.90532,1.65,1.65
2013.08.13 15:12:19.465,5.90298,5.90532,1.65,1.65
2013.08.13 15:12:21.136,5.90324,5.90549,1.65,1.35
2013.08.13 15:12:21.495,5.90329,5.90564,1.35,1.65
2013.08.13 15:12:24.230,5.90329,5.90564,1.35,1.65
2013.08.13 15:12:24.535,5.9034,5.90572,1.65,2.72
2013.08.13 15:12:24.729,5.9034,5.90572,1.65,2.72
2013.08.13 15:12:25.074,5.90334,5.90564,1.35,1.65
2013.08.13 15:12:25.135,5.90334,5.9055,1.35,1.65
2013.08.13 15:12:33.568,5.90334,5.90543,1.35,1.50
2013.08.13 15:12:33.628,5.90315,5.90543,1.65,1.50
2013.08.13 15:12:33.935,5.90298,5.90534,1.65,1.65
2013.08.13 15:12:33.995,5.90298,5.90533,1.65,1.50
2013.08.13 15:12:34.235,5.90288,5.90517,1.35,1.65
2013.08.13 15:12:45.306,5.90288,5.90517,1.35,1.65
2013.08.13 15:12:45.486,5.90296,5.90532,1.65,2.72
2013.08.13 15:12:46.025,5.90296,5.90532,1.65,3.47
2013.08.13 15:12:48.195,5.90288,5.90518,1.35,1.65
2013.08.13 15:12:49.407,5.90288,5.90518,1.35,1.65
2013.08.13 15:12:49.645,5.90293,5.90532,1.65,2.72
2013.08.13 15:13:00.198,5.9031,5.90532,1.65,2.72
2013.08.13 15:13:00.497,5.903,5.90532,1.65,2.72
2013.08.13 15:13:00.807,5.90288,5.90515,1.35,1.65
2013.08.13 15:13:05.086,5.90282,5.90503,1.65,1.50
2013.08.13 15:13:05.917,5.90252,5.90484,2.10,1.65
2013.08.13 15:13:06.194,5.90252,5.90484,1.35,1.65
2013.08.13 15:13:07.956,5.90259,5.90484,1.50,1.65
2013.08.13 15:13:08.275,5.90262,5.905,1.65,1.65
2013.08.13 15:13:08.395,5.90252,5.90483,1.35,1.65
2013.08.13 15:13:09.165,5.90252,5.90483,1.35,1.65
2013.08.13 15:13:09.338,5.90252,5.90482,1.35,1.50
2013.08.13 15:13:09.697,5.90252,5.90458,1.35,1.50
2013.08.13 15:13:10.055,5.90234,5.90459,1.65,1.50
2013.08.13 15:13:10.356,5.90234,5.90459,1.35,1.50
2013.08.13 15:13:15.604,5.90234,5.90468,1.35,1.65
2013.08.13 15:13:15.665,5.90248,5.90468,1.50,1.65
2013.08.13 15:13:15.905,5.90248,5.90462,1.65,1.50
2013.08.13 15:13:16.205,5.90248,5.90452,1.65,1.50
2013.08.13 15:13:16.626,5.90238,5.90452,1.35,1.50
2013.08.13 15:13:16.820,5.90238,5.90461,1.35,1.65
2013.08.13 15:13:17.155,5.90238,5.90461,1.35,1.65
2013.08.13 15:13:17.587,5.9024,5.90463,1.65,1.50
2013.08.13 15:13:17.955,5.9024,5.90462,1.65,1.50
2013.08.13 15:13:19.487,5.90254,5.90473,1.50,1.50
2013.08.13 15:13:19.548,5.90278,5.90483,1.35,2.72
2013.08.13 15:13:19.675,5.90278,5.90492,1.35,1.50
2013.08.13 15:13:20.056,5.90278,5.90492,1.35,1.50
2013.08.13 15:13:20.115,5.90278,5.90483,1.35,1.50
2013.08.13 15:13:20.396,5.90278,5.90492,1.35,1.50
2013.08.13 15:13:22.705,5.90278,5.90482,1.35,1.50
2013.08.13 15:13:25.176,5.90268,5.90484,1.65,1.35
2013.08.13 15:13:25.235,5.90254,5.90484,1.65,1.35
2013.08.13 15:13:25.355,5.90237,5.9047,1.65,1.65
2013.08.13 15:13:25.416,5.90252,5.90472,1.50,2.87
2013.08.13 15:13:25.475,5.90257,5.90472,1.35,2.87
2013.08.13 15:13:25.836,5.90259,5.90493,1.35,2.40
2013.08.13 15:13:26.335,5.90259,5.90483,1.35,1.50
2013.08.13 15:13:27.446,5.90259,5.90474,1.35,1.65
2013.08.13 15:13:27.591,5.90259,5.90474,1.35,2.40
2013.08.13 15:13:27.884,5.90259,5.90474,1.35,2.40
2013.08.13 15:13:33.546,5.90303,5.90474,2.13,2.40
2013.08.13 15:13:33.866,5.90303,5.90474,2.13,1.65
2013.08.13 15:13:35.495,5.90303,5.90474,2.13,2.40
2013.08.13 15:13:35.676,5.90303,5.90474,1.98,2.40
2013.08.13 15:13:35.735,5.90279,5.90474,1.50,1.65
2013.08.13 15:13:35.956,5.90279,5.90482,1.50,1.65
2013.08.13 15:13:36.075,5.90279,5.90491,1.50,1.50
2013.08.13 15:13:36.135,5.90279,5.90498,1.50,1.65
2013.08.13 15:13:36.256,5.90279,5.90492,1.50,1.50
2013.08.13 15:13:37.377,5.90265,5.90492,1.65,1.50
2013.08.13 15:13:37.435,5.90265,5.90493,1.65,1.50
2013.08.13 15:13:37.595,5.90265,5.90498,1.65,1.65
2013.08.13 15:13:38.825,5.90265,5.90498,1.65,1.65
2013.08.13 15:13:39.186,5.90274,5.90515,1.65,1.65
2013.08.13 15:13:39.687,5.90274,5.90515,1.65,1.65
2013.08.13 15:13:40.220,5.90306,5.90532,1.35,1.50
2013.08.13 15:13:40.466,5.90306,5.90518,1.35,1.65
2013.08.13 15:13:41.286,5.90285,5.90512,1.65,1.50
2013.08.13 15:13:42.077,5.90285,5.90518,1.65,1.65
2013.08.13 15:13:44.045,5.90285,5.90518,1.65,1.65
2013.08.13 15:14:00.156,5.90285,5.90518,1.65,1.65
2013.08.13 15:14:00.369,5.90285,5.90512,1.65,1.50
2013.08.13 15:14:01.677,5.90269,5.90502,1.65,1.65
2013.08.13 15:14:04.797,5.90257,5.90488,2.72,1.65
2013.08.13 15:14:04.856,5.90257,5.90483,2.72,1.50
2013.08.13 15:14:05.855,5.90256,5.90468,1.35,1.65
2013.08.13 15:14:09.245,5.90256,5.90468,1.35,1.65
2013.08.13 15:14:14.347,5.90256,5.90453,1.35,1.65
2013.08.13 15:14:14.461,5.90256,5.90453,1.35,1.65
2013.08.13 15:14:14.587,5.90256,5.90453,1.35,1.65
2013.08.13 15:14:14.647,5.90256,5.90453,1.35,1.65
2013.08.13 15:14:14.947,5.90256,5.90467,1.35,1.65
2013.08.13 15:14:15.332,5.90256,5.90486,1.35,1.65
2013.08.13 15:14:15.949,5.90262,5.90502,1.65,2.03
2013.08.13 15:14:17.836,5.90256,5.90467,1.35,1.65
2013.08.13 15:14:20.365,5.90256,5.90485,1.35,1.65
2013.08.13 15:14:20.664,5.90256,5.90485,1.35,1.65
2013.08.13 15:14:20.728,5.90256,5.90485,1.35,1.65
2013.08.13 15:14:20.905,5.90256,5.90485,1.35,1.65
2013.08.13 15:14:25.135,5.90288,5.90513,1.65,1.50
2013.08.13 15:14:25.257,5.90275,5.9051,1.65,1.65
2013.08.13 15:14:25.439,5.90275,5.90492,1.65,1.50
2013.08.13 15:14:25.627,5.90259,5.90483,1.65,1.50
2013.08.13 15:14:26.255,5.90244,5.90478,1.65,1.65
2013.08.13 15:14:26.615,5.90244,5.90469,1.65,1.13
2013.08.13 15:14:27.215,5.90229,5.90464,1.65,1.65
2013.08.13 15:14:27.625,5.90229,5.90466,1.65,1.65
2013.08.13 15:14:29.615,5.90226,5.9045,1.35,1.65
2013.08.13 15:14:29.675,5.90226,5.9045,1.35,1.65
2013.08.13 15:14:29.736,5.90229,5.90463,1.65,1.50
2013.08.13 15:14:30.577,5.90229,5.90469,1.65,1.65
2013.08.13 15:14:30.637,5.90264,5.90469,1.35,1.65
2013.08.13 15:14:30.698,5.90264,5.90469,1.35,1.65
2013.08.13 15:14:30.885,5.90264,5.90469,1.35,1.65
2013.08.13 15:14:31.186,5.90264,5.90469,1.35,1.65
2013.08.13 15:14:31.246,5.90264,5.90469,1.35,1.65
2013.08.13 15:14:31.397,5.90265,5.90483,1.65,1.50
2013.08.13 15:14:35.865,5.90265,5.90467,1.35,1.65
2013.08.13 15:14:37.417,5.90234,5.90462,1.65,1.50
2013.08.13 15:14:38.015,5.90234,5.90452,1.65,1.50
2013.08.13 15:14:38.846,5.90234,5.90467,1.65,1.65
2013.08.13 15:14:41.105,5.90234,5.90453,1.65,1.50
2013.08.13 15:14:41.376,5.90234,5.90467,1.65,1.65
2013.08.13 15:14:42.555,5.90234,5.90463,1.65,1.50
2013.08.13 15:14:43.165,5.90234,5.90467,1.65,1.65
2013.08.13 15:14:44.598,5.9027,5.90467,1.35,1.65
2013.08.13 15:14:44.718,5.9027,5.90467,1.35,1.65
2013.08.13 15:14:45.337,5.90272,5.90512,1.65,2.40
2013.08.13 15:14:48.475,5.90272,5.90503,1.65,1.50
2013.08.13 15:14:48.715,5.90272,5.90493,1.35,1.50
2013.08.13 15:14:48.895,5.90272,5.90462,1.35,1.13
2013.08.13 15:14:49.015,5.90258,5.90462,2.72,1.13
2013.08.13 15:14:49.135,5.90227,5.90462,1.65,2.03
2013.08.13 15:14:49.675,5.90238,5.90462,1.65,1.13
2013.08.13 15:14:50.176,5.90234,5.90462,1.65,1.13
2013.08.13 15:14:50.476,5.90239,5.90461,1.35,1.13
2013.08.13 15:14:50.535,5.90243,5.90477,1.65,1.50
2013.08.13 15:14:51.548,5.90245,5.90463,1.65,1.50
2013.08.13 15:14:51.866,5.90245,5.9048,1.65,1.13
2013.08.13 15:14:51.988,5.90245,5.90472,1.65,1.50
2013.08.13 15:14:52.486,5.90244,5.90465,1.35,1.65
2013.08.13 15:14:53.469,5.90244,5.90465,1.35,1.65
2013.08.13 15:14:55.126,5.90244,5.90432,1.35,1.50
2013.08.13 15:14:55.365,5.90215,5.90423,1.13,1.50
2013.08.13 15:14:57.025,5.90211,5.90432,1.65,1.50
2013.08.13 15:14:57.586,5.90252,5.90442,1.35,1.50
2013.08.13 15:14:57.945,5.90252,5.90473,1.35,1.50
2013.08.13 15:14:58.005,5.90252,5.90473,1.35,1.50
2013.08.13 15:14:58.367,5.90257,5.90463,1.65,1.50
2013.08.13 15:14:58.529,5.90257,5.90472,1.65,1.50
2013.08.13 15:15:02.877,5.90247,5.9048,1.65,1.65
2013.08.13 15:15:02.995,5.90247,5.90472,3.62,1.50
2013.08.13 15:15:04.803,5.90247,5.9048,3.62,1.65
2013.08.13 15:15:05.145,5.90247,5.9048,3.62,1.65
2013.08.13 15:15:06.127,5.90247,5.90472,3.62,1.50
2013.08.13 15:15:07.117,5.90247,5.90463,3.62,1.50
2013.08.13 15:15:09.404,5.90247,5.90453,3.62,1.50
2013.08.13 15:15:10.704,5.90247,5.90472,3.62,1.50
2013.08.13 15:15:14.526,5.90259,5.90472,1.65,1.50
2013.08.13 15:15:14.586,5.90273,5.90503,1.65,1.50
2013.08.13 15:15:14.825,5.90273,5.90483,1.65,1.50
2013.08.13 15:15:15.305,5.90288,5.90503,1.65,1.50
2013.08.13 15:15:16.275,5.90284,5.90483,1.65,1.50
2013.08.13 15:15:18.958,5.9026,5.90472,1.65,1.50
2013.08.13 15:15:19.146,5.9026,5.90472,1.65,1.50
2013.08.13 15:15:19.208,5.90248,5.90492,1.65,1.50
2013.08.13 15:15:19.385,5.90246,5.90479,1.65,1.65
2013.08.13 15:15:20.498,5.90227,5.90462,1.65,1.65
2013.08.13 15:15:24.888,5.90227,5.90452,1.65,1.50
2013.08.13 15:15:29.838,5.90227,5.90462,1.65,1.65
2013.08.13 15:15:31.542,5.90227,5.90462,1.65,1.65
2013.08.13 15:15:34.645,5.90208,5.9043,1.80,1.35
2013.08.13 15:15:34.705,5.90208,5.9043,1.80,1.35
2013.08.13 15:15:34.766,5.90207,5.9043,1.65,1.35
2013.08.13 15:15:34.946,5.90174,5.90392,1.80,2.10
2013.08.13 15:15:35.066,5.90168,5.90392,1.65,2.10
2013.08.13 15:15:35.126,5.90168,5.90392,1.65,2.10
2013.08.13 15:15:37.607,5.90168,5.90392,1.65,2.10
2013.08.13 15:15:40.115,5.90156,5.90391,1.65,1.65
2013.08.13 15:15:41.446,5.90156,5.90383,1.65,1.50
2013.08.13 15:15:42.138,5.90156,5.90383,1.65,1.50
2013.08.13 15:15:42.196,5.90156,5.90391,1.65,1.65
2013.08.13 15:15:42.965,5.90156,5.90382,1.65,1.50
2013.08.13 15:15:46.607,5.90156,5.90382,1.65,1.50
2013.08.13 15:15:46.666,5.90156,5.90391,2.72,1.65
2013.08.13 15:15:47.480,5.90185,5.90392,1.65,2.10
2013.08.13 15:15:48.844,5.90185,5.90392,1.65,1.35
2013.08.13 15:15:50.165,5.90185,5.90392,1.65,2.10
2013.08.13 15:15:50.437,5.90185,5.90392,1.65,1.35
2013.08.13 15:15:51.375,5.90202,5.90422,1.65,1.50
2013.08.13 15:15:51.735,5.90202,5.90423,1.65,1.50
2013.08.13 15:15:52.216,5.90194,5.90422,1.65,1.50
2013.08.13 15:15:53.475,5.90194,5.90423,1.65,1.50
2013.08.13 15:16:00.566,5.90194,5.90413,1.65,1.50
2013.08.13 15:16:04.985,5.90194,5.90422,1.65,1.50
2013.08.13 15:16:05.396,5.90194,5.90413,1.65,1.50
2013.08.13 15:16:05.516,5.90194,5.90423,1.65,1.50
2013.08.13 15:16:05.998,5.90194,5.90427,1.65,1.65
2013.08.13 15:16:06.114,5.90194,5.90413,1.65,1.50
2013.08.13 15:16:06.975,5.9018,5.90393,1.35,1.50
2013.08.13 15:16:07.667,5.9018,5.90393,1.35,1.50
2013.08.13 15:16:12.807,5.90186,5.90393,1.65,1.50
2013.08.13 15:16:12.867,5.90187,5.90422,1.65,1.50
2013.08.13 15:16:13.047,5.90207,5.90422,1.65,1.50
2013.08.13 15:16:14.346,5.90207,5.90413,1.65,1.50
2013.08.13 15:16:14.987,5.90207,5.90413,1.65,1.50
2013.08.13 15:16:15.435,5.90207,5.90403,1.65,1.50
2013.08.13 15:16:16.395,5.90207,5.90412,1.65,1.50
2013.08.13 15:16:17.406,5.90195,5.90392,1.65,1.50
2013.08.13 15:16:17.645,5.90195,5.90423,1.65,1.50
2013.08.13 15:16:17.825,5.90195,5.90423,1.65,1.50
2013.08.13 15:16:18.935,5.90177,5.904,2.72,1.65
2013.08.13 15:16:24.116,5.90177,5.90381,2.72,1.65
2013.08.13 15:16:24.476,5.90177,5.90402,2.72,1.50
2013.08.13 15:16:24.887,5.9015,5.90388,1.65,1.65
2013.08.13 15:16:27.215,5.9015,5.90382,1.65,1.50
2013.08.13 15:16:27.276,5.9015,5.90382,1.65,1.50
2013.08.13 15:16:27.635,5.90147,5.90373,1.65,1.50
2013.08.13 15:16:28.005,5.90138,5.90368,2.72,1.65
2013.08.13 15:16:28.877,5.90138,5.90368,2.72,1.65
2013.08.13 15:16:35.446,5.90138,5.90361,2.72,1.65
2013.08.13 15:16:35.886,5.90138,5.90361,2.72,1.65
2013.08.13 15:16:39.341,5.90138,5.90361,2.72,1.65
2013.08.13 15:16:42.265,5.90138,5.90361,2.72,1.65
2013.08.13 15:16:42.543,5.90126,5.90353,1.65,1.50
2013.08.13 15:16:45.184,5.90107,5.90338,2.72,1.65
2013.08.13 15:16:45.566,5.90107,5.90338,2.72,1.65
2013.08.13 15:16:47.016,5.90107,5.90338,2.72,1.65
2013.08.13 15:16:47.455,5.90107,5.90338,2.72,1.65
2013.08.13 15:16:48.116,5.90107,5.90338,2.72,1.65
2013.08.13 15:16:50.317,5.90107,5.90338,2.72,1.65
2013.08.13 15:16:51.616,5.90107,5.90338,2.72,1.65
2013.08.13 15:16:52.617,5.90107,5.90338,2.72,1.65
2013.08.13 15:16:57.895,5.90107,5.90332,2.72,1.61
2013.08.13 15:16:59.802,5.90107,5.90332,2.72,1.53
2013.08.13 15:17:00.285,5.90107,5.90333,2.72,1.79
2013.08.13 15:17:00.405,5.90107,5.90332,2.72,1.81
2013.08.13 15:17:01.446,5.90107,5.90333,2.72,1.52
2013.08.13 15:17:02.085,5.90118,5.90332,1.65,1.47
2013.08.13 15:17:06.067,5.90133,5.90333,1.65,1.41
2013.08.13 15:17:07.834,5.90133,5.90333,1.65,1.38
2013.08.13 15:17:09.924,5.90137,5.90332,3.62,1.59
2013.08.13 15:17:10.050,5.90137,5.90333,3.62,1.47
2013.08.13 15:17:10.237,5.90137,5.90333,3.62,1.47
2013.08.13 15:17:15.815,5.90137,5.90333,3.62,1.32
2013.08.13 15:17:17.507,5.90137,5.90332,3.62,1.20
2013.08.13 15:17:18.545,5.90137,5.90332,3.62,2.38
2013.08.13 15:17:20.915,5.90137,5.90333,3.62,1.36
2013.08.13 15:17:22.285,5.90137,5.90332,3.62,1.63
2013.08.13 15:17:22.466,5.90148,5.90332,1.35,1.38
2013.08.13 15:17:22.586,5.90165,5.90332,1.65,1.38
2013.08.13 15:17:25.207,5.90172,5.90339,2.72,1.38
2013.08.13 15:17:26.917,5.90172,5.90339,2.72,1.20
2013.08.13 15:17:27.095,5.90172,5.90332,2.72,1.27
2013.08.13 15:17:28.276,5.9017,5.9034,1.65,1.27
2013.08.13 15:17:28.455,5.90173,5.9034,1.65,1.50
2013.08.13 15:17:32.255,5.90169,5.9034,1.65,1.50
2013.08.13 15:17:34.557,5.90153,5.90314,1.65,2.10
2013.08.13 15:17:34.676,5.90138,5.90314,2.87,2.10
2013.08.13 15:17:34.737,5.90138,5.9029,2.87,1.35
2013.08.13 15:17:34.856,5.90117,5.9029,1.80,1.35
2013.08.13 15:17:34.916,5.90062,5.9029,1.65,1.35
2013.08.13 15:17:35.076,5.90062,5.9029,1.65,1.35
2013.08.13 15:17:36.794,5.90062,5.9029,1.65,1.35
2013.08.13 15:17:40.685,5.90072,5.90297,1.35,1.65
2013.08.13 15:17:40.745,5.90072,5.90297,1.35,1.65
2013.08.13 15:17:40.806,5.90083,5.90297,2.72,1.65
2013.08.13 15:17:41.166,5.90118,5.90333,4.43,1.47
2013.08.13 15:17:41.226,5.90118,5.90333,4.43,1.20
2013.08.13 15:17:41.285,5.90138,5.90333,3.68,1.20
2013.08.13 15:17:41.948,5.90138,5.90344,3.68,1.70
2013.08.13 15:17:42.138,5.90157,5.90344,4.75,1.70
2013.08.13 15:17:42.475,5.90157,5.90328,2.87,1.73
2013.08.13 15:17:42.535,5.90157,5.90271,1.97,1.35
2013.08.13 15:17:42.595,5.90097,5.90271,1.65,1.35
2013.08.13 15:17:42.655,5.90052,5.90271,1.65,1.35
2013.08.13 15:17:42.715,5.90052,5.90271,1.65,1.35
2013.08.13 15:17:43.146,5.90038,5.90271,1.65,2.25
2013.08.13 15:17:43.387,5.90038,5.90271,1.65,2.25
2013.08.13 15:17:44.416,5.90038,5.90271,1.65,2.25
2013.08.13 15:17:44.475,5.90038,5.90271,1.65,1.65
2013.08.13 15:17:44.595,5.90053,5.90303,2.87,1.65
2013.08.13 15:17:44.655,5.90059,5.90319,3.68,1.65
2013.08.13 15:17:44.966,5.90059,5.90319,3.68,1.65
2013.08.13 15:17:45.345,5.90059,5.90253,3.68,1.35
2013.08.13 15:17:45.646,5.90041,5.90243,1.65,1.35
2013.08.13 15:17:46.527,5.90041,5.90243,1.65,1.35
2013.08.13 15:17:47.187,5.90041,5.90243,1.65,1.35
2013.08.13 15:17:47.347,5.90041,5.90243,1.65,1.35
2013.08.13 15:17:48.465,5.90041,5.90243,1.65,2.10
2013.08.13 15:17:50.415,5.90041,5.90243,1.65,1.35
2013.08.13 15:17:50.656,5.90041,5.90242,1.65,1.50
2013.08.13 15:17:52.581,5.90103,5.90242,1.74,1.50
2013.08.13 15:17:52.884,5.90041,5.90242,1.65,1.50
2013.08.13 15:17:53.667,5.90038,5.90222,1.65,1.50
2013.08.13 15:17:54.225,5.90026,5.90222,1.65,1.50
2013.08.13 15:17:54.995,5.90026,5.90222,1.65,1.50
2013.08.13 15:17:55.057,5.90017,5.90203,1.65,1.50
2013.08.13 15:17:55.177,5.90021,5.90193,1.65,1.35
2013.08.13 15:17:55.835,5.90007,5.90229,1.65,1.35
2013.08.13 15:17:56.536,5.90017,5.90229,1.65,1.35
2013.08.13 15:17:57.187,5.90017,5.90229,1.65,1.35
2013.08.13 15:17:58.826,5.90043,5.90232,1.50,1.35
2013.08.13 15:17:58.946,5.90044,5.90252,1.13,2.10
2013.08.13 15:17:59.005,5.90058,5.90262,1.35,2.72
2013.08.13 15:17:59.065,5.90077,5.90292,3.47,1.50
2013.08.13 15:17:59.186,5.90086,5.90312,1.80,1.50
2013.08.13 15:17:59.336,5.90086,5.90312,1.80,1.50
2013.08.13 15:18:00.169,5.90086,5.90297,1.80,1.50
2013.08.13 15:18:00.717,5.90086,5.90297,1.80,1.50
2013.08.13 15:18:00.896,5.90086,5.90297,1.80,1.50
2013.08.13 15:18:01.016,5.90083,5.90297,1.65,1.50
2013.08.13 15:18:01.205,5.90083,5.90297,3.53,1.50
2013.08.13 15:18:02.536,5.90084,5.90297,1.80,1.50
2013.08.13 15:18:03.807,5.90093,5.90297,1.65,1.50
2013.08.13 15:18:03.865,5.90103,5.90303,1.65,1.50
2013.08.13 15:18:04.446,5.90097,5.90332,1.65,1.64
2013.08.13 15:18:04.506,5.90112,5.90332,2.87,1.64
2013.08.13 15:18:04.795,5.90117,5.90333,4.75,2.03
2013.08.13 15:18:05.446,5.90123,5.90332,1.65,1.44
2013.08.13 15:18:07.586,5.90123,5.90333,1.80,1.34
2013.08.13 15:18:07.796,5.90123,5.90332,1.80,1.63
2013.08.13 15:18:08.448,5.90117,5.90332,2.87,1.63
2013.08.13 15:18:09.455,5.90116,5.90322,1.65,1.50
2013.08.13 15:18:09.956,5.90113,5.90333,1.80,1.63
2013.08.13 15:18:10.311,5.90127,5.90333,3.77,1.20
2013.08.13 15:18:10.817,5.90142,5.90332,1.65,1.38
2013.08.13 15:18:10.876,5.90143,5.90332,3.53,1.38
2013.08.13 15:18:11.237,5.90159,5.9034,3.68,1.47
2013.08.13 15:18:11.657,5.90174,5.9034,3.68,1.29
2013.08.13 15:18:12.206,5.90174,5.9034,3.68,1.23
2013.08.13 15:18:12.793,5.90174,5.9034,3.68,1.41
2013.08.13 15:18:13.036,5.90174,5.90333,1.80,1.41
2013.08.13 15:18:13.276,5.90155,5.90332,1.80,1.20
2013.08.13 15:18:13.336,5.90137,5.90332,2.87,1.20
2013.08.13 15:18:14.097,5.90132,5.90332,1.65,1.25
2013.08.13 15:18:14.157,5.90128,5.90332,1.65,2.00
2013.08.13 15:18:14.228,5.90128,5.90332,1.65,2.00
2013.08.13 15:18:14.582,5.90128,5.90332,1.65,1.63
2013.08.13 15:18:14.896,5.90127,5.90332,1.65,1.41
2013.08.13 15:18:14.956,5.90127,5.90332,1.65,1.41
2013.08.13 15:18:15.196,5.90127,5.90332,1.65,1.41
2013.08.13 15:18:15.551,5.90133,5.90332,1.65,1.61
2013.08.13 15:18:16.599,5.90153,5.90333,1.65,1.34
2013.08.13 15:18:16.956,5.90153,5.90333,1.80,1.36
2013.08.13 15:18:17.075,5.90148,5.90333,1.65,1.34
2013.08.13 15:18:17.256,5.90153,5.90343,4.43,1.47
2013.08.13 15:18:18.156,5.90153,5.90343,3.68,1.92
2013.08.13 15:18:19.105,5.90153,5.90342,4.43,1.49
2013.08.13 15:18:19.346,5.90148,5.90332,1.65,1.23
2013.08.13 15:18:20.342,5.90148,5.90333,1.65,1.32
2013.08.13 15:18:20.466,5.90152,5.90333,1.80,1.32
2013.08.13 15:18:21.246,5.90152,5.90332,1.80,1.61
2013.08.13 15:18:21.821,5.90152,5.90333,1.80,1.29
2013.08.13 15:18:22.372,5.90152,5.90332,2.55,1.54
2013.08.13 15:18:22.997,5.90152,5.90341,1.80,1.25
2013.08.13 15:18:23.561,5.90158,5.90341,3.68,1.29
2013.08.13 15:18:24.237,5.90158,5.90341,3.68,1.50
2013.08.13 15:18:24.636,5.9018,5.90341,3.68,1.43
2013.08.13 15:18:25.265,5.9018,5.90341,3.68,1.52
2013.08.13 15:18:25.953,5.9018,5.90341,3.68,1.59
2013.08.13 15:18:26.728,5.9018,5.90341,1.80,1.59
2013.08.13 15:18:26.969,5.90183,5.90353,1.50,1.40
2013.08.13 15:18:27.088,5.90204,5.90423,3.68,1.50
2013.08.13 15:18:27.147,5.90204,5.90428,4.43,1.50
2013.08.13 15:18:27.267,5.90223,5.90428,1.80,1.50
2013.08.13 15:18:27.328,5.90223,5.90433,1.80,1.50
2013.08.13 15:18:27.447,5.90223,5.90433,1.80,1.50
2013.08.13 15:18:28.356,5.90215,5.90433,1.65,1.50
2013.08.13 15:18:28.416,5.90204,5.90442,1.65,1.50
2013.08.13 15:18:28.477,5.9021,5.90445,1.65,1.50
2013.08.13 15:18:28.778,5.90213,5.90426,1.80,1.50
2013.08.13 15:18:28.898,5.90212,5.90426,1.65,1.50
2013.08.13 15:18:29.015,5.90206,5.90426,1.65,1.50
2013.08.13 15:18:29.076,5.90191,5.90403,1.65,1.50
2013.08.13 15:18:29.556,5.90187,5.90413,1.80,1.50
2013.08.13 15:18:30.249,5.90177,5.90392,1.65,1.50
2013.08.13 15:18:30.470,5.90177,5.90391,1.65,1.50
2013.08.13 15:18:30.665,5.90177,5.90393,1.65,1.50
2013.08.13 15:18:32.416,5.90177,5.90391,1.65,1.50
2013.08.13 15:18:32.790,5.90177,5.90393,1.65,1.50
2013.08.13 15:18:33.158,5.90206,5.90433,1.65,2.72
2013.08.13 15:18:33.515,5.90217,5.90422,3.68,1.50
2013.08.13 15:18:34.315,5.9021,5.90422,1.50,1.50
2013.08.13 15:18:35.805,5.90215,5.90433,3.68,1.50
2013.08.13 15:18:37.945,5.90215,5.9042,3.68,1.50
2013.08.13 15:18:38.187,5.9021,5.90413,1.50,1.50
2013.08.13 15:18:38.306,5.90204,5.90422,1.50,1.50
2013.08.13 15:18:38.725,5.90205,5.90423,1.50,1.50
2013.08.13 15:18:42.317,5.90207,5.90433,3.00,1.50
2013.08.13 15:18:45.697,5.90215,5.90442,1.65,2.72
2013.08.13 15:18:46.136,5.9023,5.90442,1.65,2.72
2013.08.13 15:18:50.426,5.90228,5.90442,1.65,2.72
2013.08.13 15:18:50.545,5.90228,5.90442,1.65,2.72
2013.08.13 15:18:50.605,5.9023,5.90442,1.65,2.72
2013.08.13 15:18:50.905,5.90251,5.9047,1.65,1.35
2013.08.13 15:18:51.085,5.90251,5.90472,3.15,2.72
2013.08.13 15:18:52.786,5.90269,5.90472,1.65,2.72
2013.08.13 15:18:53.895,5.90269,5.90472,1.65,2.72
2013.08.13 15:18:54.506,5.90272,5.90472,1.65,2.72
2013.08.13 15:18:58.195,5.90258,5.90472,1.65,2.72
2013.08.13 15:19:01.216,5.90264,5.90472,1.65,2.72
2013.08.13 15:19:01.336,5.90251,5.90443,1.50,1.50
2013.08.13 15:19:01.397,5.9025,5.90453,1.80,1.50
2013.08.13 15:19:01.516,5.90234,5.90453,1.80,1.50
2013.08.13 15:19:01.636,5.90234,5.90453,1.80,1.50
2013.08.13 15:19:02.399,5.9025,5.90472,1.65,2.72
2013.08.13 15:19:02.516,5.9025,5.90472,1.65,2.72
2013.08.13 15:19:02.696,5.90247,5.90462,1.50,1.50
2013.08.13 15:19:02.756,5.90247,5.90462,1.50,1.50
2013.08.13 15:19:02.815,5.9024,5.90442,1.50,1.50
2013.08.13 15:19:02.995,5.90219,5.90442,1.80,1.50
2013.08.13 15:19:03.248,5.90218,5.90442,1.65,1.50
2013.08.13 15:19:03.377,5.90219,5.90452,1.65,1.50
2013.08.13 15:19:03.677,5.90217,5.90443,1.65,1.50
2013.08.13 15:19:03.735,5.90219,5.90453,1.65,1.50
2013.08.13 15:19:04.177,5.90218,5.90442,1.65,1.50
2013.08.13 15:19:05.415,5.90219,5.90452,1.65,1.50
2013.08.13 15:19:05.597,5.90217,5.90443,1.65,1.50
2013.08.13 15:19:05.937,5.90219,5.90452,1.65,1.50
2013.08.13 15:19:06.246,5.90219,5.90463,1.65,1.50
2013.08.13 15:19:06.427,5.90219,5.90452,1.65,1.50
2013.08.13 15:19:06.547,5.90219,5.90462,1.65,1.50
2013.08.13 15:19:06.608,5.90232,5.90462,1.50,1.50
2013.08.13 15:19:06.665,5.90233,5.90462,1.65,1.50
2013.08.13 15:19:06.986,5.90228,5.90452,1.65,1.50
2013.08.13 15:19:07.366,5.90233,5.90434,1.65,1.50
2013.08.13 15:19:08.515,5.90233,5.90434,1.65,1.50
2013.08.13 15:19:10.906,5.90241,5.90444,1.65,1.50
2013.08.13 15:19:11.086,5.90242,5.90444,1.65,1.50
2013.08.13 15:19:11.148,5.90259,5.90462,1.65,1.50
2013.08.13 15:19:11.326,5.90263,5.90462,1.65,1.50
2013.08.13 15:19:11.507,5.90263,5.90462,1.65,1.50
2013.08.13 15:19:11.927,5.90261,5.90443,1.80,1.50
2013.08.13 15:19:12.106,5.90263,5.90462,1.65,1.50
2013.08.13 15:19:12.227,5.90263,5.90462,1.65,1.50
2013.08.13 15:19:12.409,5.90263,5.90462,1.65,1.50
2013.08.13 15:19:18.367,5.90263,5.90462,1.65,1.50
2013.08.13 15:19:21.736,5.90261,5.90462,1.80,1.50
2013.08.13 15:19:22.076,5.90242,5.90436,1.80,1.50
2013.08.13 15:19:22.639,5.90239,5.90436,1.50,1.50
2013.08.13 15:19:26.695,5.90242,5.90436,1.65,1.50
2013.08.13 15:19:28.035,5.90242,5.90453,1.65,3.47
2013.08.13 15:19:29.246,5.90242,5.90453,1.65,2.72
2013.08.13 15:19:36.867,5.90259,5.90453,1.65,2.72
2013.08.13 15:19:37.896,5.90259,5.90453,1.65,2.72
2013.08.13 15:19:44.538,5.90246,5.90453,1.65,2.72
2013.08.13 15:19:44.598,5.90246,5.90443,1.65,1.50
2013.08.13 15:19:48.266,5.90246,5.90453,1.65,2.72
2013.08.13 15:19:50.418,5.90238,5.90422,1.65,1.50
2013.08.13 15:19:50.476,5.90227,5.90422,1.65,1.50
2013.08.13 15:19:51.285,5.90225,5.90422,1.65,1.50
2013.08.13 15:19:51.672,5.90225,5.90413,1.65,1.50
2013.08.13 15:19:51.858,5.90223,5.90422,1.65,2.72
2013.08.13 15:19:52.157,5.90203,5.90402,1.65,1.50
2013.08.13 15:19:52.217,5.90203,5.90402,1.65,1.50
2013.08.13 15:19:53.177,5.90203,5.90393,1.65,1.50
2013.08.13 15:19:55.526,5.90197,5.90383,1.65,1.50
2013.08.13 15:19:55.825,5.90187,5.90373,1.65,1.50
2013.08.13 15:19:57.006,5.90187,5.90373,1.65,1.50
2013.08.13 15:19:57.459,5.90171,5.90392,1.65,2.72
2013.08.13 15:19:57.577,5.90175,5.90363,1.80,1.50
2013.08.13 15:19:57.696,5.90175,5.90363,2.55,1.50
2013.08.13 15:19:57.816,5.90175,5.90372,1.65,1.50
2013.08.13 15:19:58.126,5.90183,5.90372,1.65,1.50
2013.08.13 15:19:58.187,5.90183,5.90372,1.65,1.50
2013.08.13 15:19:58.917,5.9019,5.90392,1.65,2.72
2013.08.13 15:19:59.156,5.90202,5.90392,1.65,2.72
2013.08.13 15:20:01.466,5.9019,5.90372,1.80,1.50
2013.08.13 15:20:03.876,5.90188,5.90372,2.55,1.50
2013.08.13 15:20:04.595,5.90203,5.90402,1.65,1.50
2013.08.13 15:20:04.826,5.90203,5.90402,1.65,1.50
2013.08.13 15:20:05.147,5.90203,5.90422,1.65,3.32
2013.08.13 15:20:05.415,5.90203,5.90402,1.65,1.50
2013.08.13 15:20:06.205,5.90203,5.90402,1.65,1.50
2013.08.13 15:20:06.526,5.90221,5.90422,1.65,3.32
2013.08.13 15:20:06.672,5.90221,5.90422,1.65,3.32
2013.08.13 15:20:06.796,5.90221,5.90422,1.65,3.32
2013.08.13 15:20:06.976,5.90237,5.90442,1.65,1.50
2013.08.13 15:20:07.096,5.90237,5.90453,1.65,1.50
2013.08.13 15:20:07.616,5.90254,5.90462,1.65,2.72
2013.08.13 15:20:12.676,5.90244,5.90452,1.65,1.50
2013.08.13 15:20:12.855,5.90244,5.90452,1.65,1.50
2013.08.13 15:20:13.607,5.90253,5.90452,1.65,1.50
2013.08.13 15:20:14.297,5.90255,5.90462,1.65,3.47
2013.08.13 15:20:20.548,5.90255,5.90462,1.65,3.47
2013.08.13 15:20:20.727,5.9027,5.90473,1.65,1.50
2013.08.13 15:20:22.020,5.9027,5.90463,1.65,1.50
2013.08.13 15:20:26.417,5.90258,5.90483,1.65,1.50
2013.08.13 15:20:27.148,5.90273,5.90472,1.65,1.50
2013.08.13 15:20:27.409,5.90273,5.90492,1.65,1.50
2013.08.13 15:20:28.406,5.90273,5.90473,1.65,1.50
2013.08.13 15:20:30.697,5.90273,5.90502,1.65,2.72
2013.08.13 15:20:30.996,5.90296,5.90503,1.65,1.50
2013.08.13 15:20:32.375,5.90296,5.90483,1.65,1.50
2013.08.13 15:20:32.736,5.90296,5.90503,1.65,1.50
2013.08.13 15:20:33.316,5.90269,5.90482,1.65,1.50
2013.08.13 15:20:34.285,5.90269,5.90473,1.65,1.50
2013.08.13 15:20:35.626,5.90269,5.90483,1.65,1.50
2013.08.13 15:20:35.927,5.90281,5.90502,1.65,2.72
2013.08.13 15:20:36.287,5.90299,5.90502,1.65,2.72
2013.08.13 15:20:36.525,5.90299,5.90522,1.65,1.50
2013.08.13 15:20:36.585,5.90299,5.90512,1.65,1.50
2013.08.13 15:20:36.967,5.90299,5.90523,1.65,1.50
2013.08.13 15:20:38.197,5.90299,5.90502,1.65,1.50
2013.08.13 15:20:40.458,5.90299,5.90522,1.65,1.50
2013.08.13 15:20:40.588,5.90299,5.90512,1.65,1.50
2013.08.13 15:20:41.136,5.90299,5.90502,1.65,1.50
2013.08.13 15:20:41.556,5.90299,5.90513,1.65,1.50
2013.08.13 15:20:42.327,5.9029,5.90512,1.65,1.50
2013.08.13 15:20:42.635,5.90299,5.90523,1.65,1.50
2013.08.13 15:20:43.314,5.90299,5.90503,1.65,1.50
2013.08.13 15:20:44.641,5.90299,5.90502,1.65,1.50
2013.08.13 15:20:44.945,5.90299,5.90493,1.65,1.50
2013.08.13 15:20:45.006,5.90299,5.90501,1.65,1.35
2013.08.13 15:20:45.765,5.90299,5.90523,1.65,1.50
2013.08.13 15:20:47.416,5.90299,5.90523,1.65,1.50
2013.08.13 15:20:47.536,5.90316,5.90533,1.65,2.72
2013.08.13 15:20:49.396,5.90306,5.90523,1.65,1.50
2013.08.13 15:20:49.827,5.90307,5.90533,1.35,2.72
2013.08.13 15:20:50.006,5.90321,5.90533,1.65,2.72
2013.08.13 15:20:51.376,5.90321,5.90533,1.65,3.47
2013.08.13 15:20:51.596,5.90321,5.90533,1.65,2.72
2013.08.13 15:20:52.586,5.90321,5.90532,1.65,1.50
2013.08.13 15:20:52.917,5.90321,5.90533,1.65,2.72
2013.08.13 15:20:53.375,5.90321,5.90499,1.65,2.10
2013.08.13 15:20:53.495,5.90278,5.90473,1.65,2.72
2013.08.13 15:20:53.921,5.90281,5.90512,3.00,1.50
2013.08.13 15:20:53.986,5.90281,5.90512,3.00,1.50
2013.08.13 15:20:54.846,5.90296,5.90512,1.50,1.50
2013.08.13 15:20:55.805,5.903,5.90512,1.35,1.50
2013.08.13 15:20:56.494,5.903,5.90513,1.35,1.50
2013.08.13 15:20:57.043,5.903,5.90533,1.35,1.50
2013.08.13 15:21:02.156,5.90315,5.90533,1.65,1.50
2013.08.13 15:21:02.216,5.90315,5.90512,1.65,2.72
2013.08.13 15:21:03.115,5.90288,5.9048,1.65,1.35
2013.08.13 15:21:03.235,5.90288,5.90472,1.65,2.72
2013.08.13 15:21:03.355,5.90273,5.90472,1.65,2.72
2013.08.13 15:21:04.304,5.90258,5.90472,1.65,2.72
2013.08.13 15:21:05.513,5.90258,5.90472,1.65,2.72
2013.08.13 15:21:05.909,5.90258,5.90472,1.65,2.72
2013.08.13 15:21:05.969,5.90258,5.90472,1.65,2.72
2013.08.13 15:21:15.026,5.90258,5.90472,1.65,2.72
2013.08.13 15:21:15.576,5.90258,5.90472,1.65,2.72
2013.08.13 15:21:19.426,5.90258,5.90462,1.65,1.50
2013.08.13 15:21:19.976,5.90258,5.90472,1.65,2.72
2013.08.13 15:21:20.697,5.90258,5.90472,1.65,2.72
2013.08.13 15:21:21.326,5.90258,5.9048,1.65,1.35
2013.08.13 15:21:26.015,5.90275,5.9048,1.65,1.35
2013.08.13 15:21:29.116,5.90264,5.90492,1.65,1.50
2013.08.13 15:21:29.368,5.90264,5.90482,1.65,1.50
2013.08.13 15:21:29.546,5.90247,5.9048,1.65,1.65
2013.08.13 15:21:30.810,5.90277,5.90493,1.65,1.50
2013.08.13 15:21:30.936,5.90277,5.90483,1.65,1.50
2013.08.13 15:21:31.237,5.90262,5.90472,1.65,1.50
2013.08.13 15:21:31.595,5.90262,5.90492,1.65,1.50
2013.08.13 15:21:31.858,5.90262,5.90492,1.65,1.50
2013.08.13 15:21:33.216,5.90262,5.90483,1.65,1.50
2013.08.13 15:21:33.607,5.90262,5.90492,1.65,1.50
2013.08.13 15:21:33.946,5.90262,5.90498,1.65,1.65
2013.08.13 15:21:34.008,5.90262,5.90492,1.65,1.50
2013.08.13 15:21:34.916,5.90273,5.90502,1.65,2.72
2013.08.13 15:21:37.506,5.90273,5.90502,1.65,2.72
2013.08.13 15:21:39.115,5.90273,5.90493,1.65,1.50
2013.08.13 15:21:39.787,5.90273,5.90482,1.65,1.50
2013.08.13 15:21:40.536,5.90273,5.90502,1.65,3.47
2013.08.13 15:21:40.985,5.90273,5.90502,1.65,2.72
2013.08.13 15:21:41.109,5.90299,5.90502,1.65,2.72
2013.08.13 15:21:41.167,5.90299,5.90502,1.65,2.72
2013.08.13 15:21:41.757,5.90299,5.90502,1.65,2.72
2013.08.13 15:21:42.616,5.90299,5.90492,1.65,1.50
2013.08.13 15:21:42.736,5.90284,5.90494,1.65,1.35
2013.08.13 15:21:44.167,5.90281,5.90493,1.65,1.50
2013.08.13 15:21:44.286,5.90281,5.90493,1.65,1.50
2013.08.13 15:21:44.407,5.90281,5.90482,1.65,1.50
2013.08.13 15:21:46.938,5.90281,5.90494,1.65,1.35
2013.08.13 15:21:47.747,5.90281,5.90502,1.35,3.47
2013.08.13 15:21:48.098,5.90281,5.90512,1.35,1.50
2013.08.13 15:21:48.218,5.90281,5.90514,1.35,1.65
2013.08.13 15:21:48.649,5.90293,5.90512,1.65,1.50
2013.08.13 15:21:49.474,5.90294,5.90522,1.65,1.50
2013.08.13 15:21:49.856,5.90294,5.90522,1.65,1.50
2013.08.13 15:21:52.146,5.90294,5.90523,1.65,1.50
2013.08.13 15:21:54.584,5.90294,5.90532,1.65,2.40
2013.08.13 15:21:55.847,5.90294,5.90532,1.65,1.65
2013.08.13 15:21:55.966,5.90294,5.90532,1.65,1.65
2013.08.13 15:21:57.069,5.90294,5.90522,1.65,1.50
2013.08.13 15:21:59.926,5.90294,5.90532,1.65,2.40
2013.08.13 15:22:00.358,5.90284,5.90519,1.35,1.65
2013.08.13 15:22:02.463,5.90297,5.90532,1.65,1.50
2013.08.13 15:22:06.092,5.90297,5.90533,1.65,2.72
2013.08.13 15:22:06.276,5.90297,5.90537,1.65,1.65
2013.08.13 15:22:07.576,5.90297,5.90537,1.65,1.65
2013.08.13 15:22:07.908,5.90297,5.90522,1.65,1.50
2013.08.13 15:22:08.128,5.90297,5.90523,1.65,1.50
2013.08.13 15:22:08.787,5.90288,5.90513,1.50,1.50
2013.08.13 15:22:11.459,5.90285,5.90513,1.65,1.50
2013.08.13 15:22:11.540,5.90284,5.90498,1.35,1.65
2013.08.13 15:22:11.609,5.90284,5.90498,1.35,1.65
2013.08.13 15:22:11.966,5.90265,5.90498,1.65,1.65
2013.08.13 15:22:12.476,5.90265,5.90498,1.65,1.65
2013.08.13 15:22:12.536,5.90265,5.90498,1.65,1.65
2013.08.13 15:22:12.808,5.90265,5.90498,1.65,1.65
2013.08.13 15:22:13.167,5.90265,5.90498,1.65,1.65
2013.08.13 15:22:14.436,5.90265,5.90498,1.65,1.65
2013.08.13 15:22:16.729,5.90265,5.90498,1.65,1.65
2013.08.13 15:22:17.061,5.90265,5.90498,1.65,1.65
2013.08.13 15:22:18.805,5.90265,5.90498,1.65,1.65
2013.08.13 15:22:19.106,5.90265,5.90498,1.65,1.65
2013.08.13 15:22:19.166,5.90274,5.90493,1.65,1.50
2013.08.13 15:22:19.227,5.90274,5.90493,1.65,1.50
2013.08.13 15:22:19.286,5.90274,5.90502,1.65,3.47
2013.08.13 15:22:19.605,5.90274,5.90502,1.65,2.72
2013.08.13 15:22:20.527,5.90274,5.90502,1.65,2.72
2013.08.13 15:22:20.647,5.90274,5.90514,1.65,1.65
2013.08.13 15:22:20.885,5.90274,5.90514,1.65,1.65
2013.08.13 15:22:21.296,5.90274,5.90512,1.65,1.50
2013.08.13 15:22:21.539,5.90274,5.90512,1.65,1.50
2013.08.13 15:22:22.347,5.90274,5.90493,1.65,1.50
2013.08.13 15:22:24.657,5.90274,5.90483,1.65,1.50
2013.08.13 15:22:25.317,5.90258,5.90473,1.65,1.50
2013.08.13 15:22:26.796,5.90258,5.90453,1.65,1.50
2013.08.13 15:22:27.097,5.90238,5.90453,1.65,1.50
2013.08.13 15:22:27.647,5.90235,5.90453,1.65,1.50
2013.08.13 15:22:28.296,5.90235,5.90453,1.65,1.50
2013.08.13 15:22:28.678,5.90217,5.90421,1.65,1.35
2013.08.13 15:22:28.738,5.90217,5.90421,1.65,1.35
2013.08.13 15:22:28.857,5.902,5.90412,1.65,1.50
2013.08.13 15:22:31.148,5.902,5.90421,1.65,1.35
2013.08.13 15:22:31.637,5.902,5.90412,1.65,1.50
2013.08.13 15:22:31.802,5.902,5.90421,1.65,1.35
2013.08.13 15:22:31.986,5.902,5.90421,1.65,1.35
2013.08.13 15:22:33.452,5.902,5.90421,1.65,1.35
2013.08.13 15:22:34.447,5.902,5.90421,1.65,1.35
2013.08.13 15:22:36.336,5.902,5.90403,1.65,1.50
2013.08.13 15:22:36.637,5.90181,5.90403,1.65,1.50
2013.08.13 15:22:36.817,5.90178,5.90392,1.35,1.50
2013.08.13 15:22:40.707,5.90178,5.90399,1.35,1.65
2013.08.13 15:22:41.008,5.90178,5.90399,1.35,1.65
2013.08.13 15:22:41.128,5.9018,5.90418,1.65,1.65
2013.08.13 15:22:41.487,5.9018,5.90418,1.65,1.65
2013.08.13 15:22:43.546,5.90185,5.90393,1.65,2.72
2013.08.13 15:22:47.196,5.90185,5.90393,1.65,2.72
2013.08.13 15:22:47.497,5.90185,5.90421,1.65,1.35
2013.08.13 15:22:47.557,5.90196,5.90421,1.65,1.35
2013.08.13 15:22:47.796,5.90216,5.90456,1.65,1.65
2013.08.13 15:22:48.537,5.90231,5.9046,1.65,1.35
2013.08.13 15:22:48.866,5.90221,5.90454,1.65,1.65
2013.08.13 15:22:52.237,5.90231,5.9046,1.65,1.35
2013.08.13 15:22:52.419,5.90231,5.9046,1.65,1.35
2013.08.13 15:22:53.420,5.90231,5.9046,1.65,1.35
2013.08.13 15:22:55.612,5.90231,5.9046,1.65,1.35
2013.08.13 15:22:57.749,5.90231,5.9046,1.65,1.35
2013.08.13 15:22:58.737,5.90231,5.9046,1.65,1.35
2013.08.13 15:22:59.846,5.90231,5.9046,1.65,1.35
2013.08.13 15:23:02.706,5.90231,5.9046,1.65,1.35
2013.08.13 15:23:04.531,5.90231,5.9046,1.65,1.35
2013.08.13 15:23:07.437,5.90231,5.90453,1.65,1.50
2013.08.13 15:23:07.556,5.90231,5.9046,1.65,1.35
2013.08.13 15:23:07.915,5.90231,5.9046,1.65,1.35
2013.08.13 15:23:08.214,5.90231,5.9046,1.65,1.35
2013.08.13 15:23:10.582,5.90231,5.9046,1.65,1.35
2013.08.13 15:23:13.881,5.90231,5.9046,1.65,1.35
2013.08.13 15:23:15.531,5.90231,5.9046,1.65,1.35
2013.08.13 15:23:16.851,5.90231,5.9046,1.65,1.35
2013.08.13 15:23:19.876,5.90231,5.90461,1.65,1.35
2013.08.13 15:23:21.187,5.90231,5.90461,1.65,1.35
2013.08.13 15:23:21.607,5.90231,5.90461,1.65,1.35
2013.08.13 15:23:21.971,5.90231,5.90461,1.65,1.35
2013.08.13 15:23:22.157,5.90267,5.90485,1.35,1.65
2013.08.13 15:23:22.276,5.90267,5.90485,1.35,1.65
2013.08.13 15:23:22.456,5.9029,5.9053,1.65,1.65
2013.08.13 15:23:23.445,5.90309,5.90542,1.65,3.47
2013.08.13 15:23:23.507,5.90309,5.90512,1.65,1.50
2013.08.13 15:23:23.626,5.90309,5.90533,1.65,1.50
2013.08.13 15:23:23.806,5.90308,5.90506,1.65,1.35
2013.08.13 15:23:24.151,5.90308,5.90553,1.65,2.72
2013.08.13 15:23:24.215,5.90323,5.90553,1.65,2.72
2013.08.13 15:23:24.397,5.90338,5.90553,1.65,2.72
2013.08.13 15:23:24.516,5.90354,5.90591,1.65,1.73
2013.08.13 15:23:24.636,5.90362,5.90591,1.65,1.35
2013.08.13 15:23:24.756,5.90362,5.90593,1.65,2.72
2013.08.13 15:23:24.996,5.9037,5.90593,1.65,2.72
2013.08.13 15:23:25.357,5.90358,5.90593,1.65,2.72
2013.08.13 15:23:25.807,5.90358,5.90593,1.65,2.72
2013.08.13 15:23:25.988,5.90358,5.90593,1.65,2.72
2013.08.13 15:23:26.286,5.90358,5.90593,1.65,2.72
2013.08.13 15:23:26.346,5.90358,5.90593,1.65,2.72
2013.08.13 15:23:28.127,5.90369,5.90593,1.65,2.72
2013.08.13 15:23:29.117,5.90384,5.90593,1.65,2.72
2013.08.13 15:23:29.611,5.90384,5.90593,1.65,2.72
2013.08.13 15:23:29.916,5.90384,5.90622,1.65,3.47
2013.08.13 15:23:31.097,5.90399,5.90622,1.65,3.47
2013.08.13 15:23:31.591,5.90399,5.90612,1.65,1.50
2013.08.13 15:23:32.177,5.90399,5.90612,1.65,1.50
2013.08.13 15:23:32.476,5.90399,5.90612,1.65,1.50
2013.08.13 15:23:32.656,5.90417,5.90612,1.65,1.50
2013.08.13 15:23:32.716,5.90417,5.90622,1.65,3.47
2013.08.13 15:23:33.080,5.90417,5.90622,1.65,2.72
2013.08.13 15:23:33.716,5.90417,5.90613,1.65,1.50
2013.08.13 15:23:33.836,5.90417,5.90613,1.65,1.50
2013.08.13 15:23:34.198,5.904,5.90622,1.65,2.72
2013.08.13 15:23:34.417,5.904,5.90613,1.65,1.50
2013.08.13 15:23:34.636,5.904,5.90622,1.65,2.72
2013.08.13 15:23:35.086,5.90412,5.90612,1.65,1.50
2013.08.13 15:23:35.266,5.90428,5.90622,1.65,2.72
2013.08.13 15:23:35.604,5.90428,5.90623,1.65,1.50
2013.08.13 15:23:35.679,5.90417,5.90638,1.65,1.35
2013.08.13 15:23:36.947,5.9043,5.90638,1.65,1.35
2013.08.13 15:23:37.067,5.9043,5.90638,1.65,1.35
2013.08.13 15:23:37.127,5.9043,5.90632,1.65,1.50
2013.08.13 15:23:37.306,5.90418,5.90623,1.65,2.72
2013.08.13 15:23:37.366,5.90418,5.90623,1.65,2.72
2013.08.13 15:23:37.486,5.90418,5.90602,1.65,1.50
2013.08.13 15:23:37.726,5.90399,5.90596,1.65,1.35
2013.08.13 15:23:38.027,5.90399,5.90593,1.65,1.50
2013.08.13 15:23:38.146,5.90384,5.90596,1.65,1.35
2013.08.13 15:23:39.316,5.90394,5.90593,1.65,1.50
2013.08.13 15:23:40.357,5.90384,5.90573,1.65,1.50
2013.08.13 15:23:42.337,5.90384,5.90593,1.65,1.50
2013.08.13 15:23:44.106,5.90384,5.90573,1.65,2.72
2013.08.13 15:23:44.166,5.90384,5.90573,1.65,2.72
2013.08.13 15:23:44.641,5.90384,5.90572,1.65,1.50
2013.08.13 15:23:45.087,5.90384,5.90573,1.65,2.72
2013.08.13 15:23:46.746,5.90384,5.90573,1.65,2.72
2013.08.13 15:23:49.148,5.90384,5.90582,1.65,1.50
2013.08.13 15:23:50.531,5.90384,5.90592,1.65,1.50
2013.08.13 15:23:51.350,5.90384,5.90583,1.65,1.50
2013.08.13 15:23:51.597,5.90384,5.90573,1.65,2.72
2013.08.13 15:23:51.776,5.90369,5.90573,1.65,2.72
2013.08.13 15:23:53.327,5.9038,5.90573,1.65,2.72
2013.08.13 15:23:56.186,5.9038,5.90572,1.65,1.50
2013.08.13 15:23:57.176,5.9038,5.90573,1.65,2.72
2013.08.13 15:23:59.157,5.9038,5.90572,1.65,1.50
2013.08.13 15:24:03.067,5.9038,5.90573,1.65,2.72
2013.08.13 15:24:04.821,5.9038,5.90572,1.65,1.50
2013.08.13 15:24:06.801,5.90368,5.90573,1.65,2.72
2013.08.13 15:24:07.527,5.90368,5.90573,1.65,2.72
2013.08.13 15:24:07.649,5.90381,5.90603,1.35,1.65
2013.08.13 15:24:07.896,5.90381,5.90618,1.35,1.65
2013.08.13 15:24:07.956,5.90408,5.90623,1.65,3.47
2013.08.13 15:24:09.005,5.90408,5.90623,1.65,2.72
2013.08.13 15:24:09.126,5.90408,5.90623,1.65,2.72
2013.08.13 15:24:09.186,5.90408,5.90622,1.65,1.50
2013.08.13 15:24:14.115,5.90408,5.90623,1.65,2.72
2013.08.13 15:24:14.456,5.90408,5.90623,1.65,2.72
2013.08.13 15:24:14.636,5.90408,5.90627,1.65,1.35
2013.08.13 15:24:14.760,5.90418,5.90647,1.35,1.65
2013.08.13 15:24:14.946,5.90433,5.90662,1.35,2.72
2013.08.13 15:24:15.527,5.90444,5.90652,1.65,1.50
2013.08.13 15:24:15.946,5.90438,5.90652,1.35,1.50
2013.08.13 15:24:19.699,5.90443,5.90656,1.65,1.50
2013.08.13 15:24:22.918,5.90443,5.90656,1.65,1.50
2013.08.13 15:24:23.538,5.90438,5.90653,1.50,1.35
2013.08.13 15:24:23.596,5.90431,5.90629,1.65,1.50
2013.08.13 15:24:23.656,5.90417,5.90629,2.40,1.50
2013.08.13 15:24:23.776,5.90412,5.90618,1.35,1.50
2013.08.13 15:24:24.367,5.90412,5.90618,1.35,1.50
2013.08.13 15:24:26.341,5.90412,5.90618,1.35,1.50
2013.08.13 15:24:30.630,5.90407,5.90618,1.65,1.50
2013.08.13 15:24:34.370,5.90404,5.90623,1.50,1.50
2013.08.13 15:24:34.647,5.90404,5.90618,1.50,1.50
2013.08.13 15:24:35.757,5.90404,5.90618,1.50,1.50
2013.08.13 15:24:35.875,5.90404,5.90618,1.50,1.50
2013.08.13 15:24:37.446,5.90404,5.90624,1.50,1.65
2013.08.13 15:24:37.957,5.90404,5.90632,2.40,2.72
2013.08.13 15:24:38.266,5.90404,5.90632,2.40,2.72
2013.08.13 15:24:38.447,5.90421,5.90643,1.50,1.50
2013.08.13 15:24:38.507,5.90428,5.90653,1.35,1.65
2013.08.13 15:24:38.686,5.9045,5.90663,1.65,3.47
2013.08.13 15:24:39.166,5.9045,5.90661,1.65,1.50
2013.08.13 15:24:39.596,5.9045,5.90663,1.65,2.72
2013.08.13 15:24:40.416,5.9045,5.90663,1.65,2.72
2013.08.13 15:24:40.749,5.90467,5.90663,1.65,2.72
2013.08.13 15:24:41.686,5.90467,5.90663,1.65,2.72
2013.08.13 15:24:42.628,5.90467,5.90663,1.65,2.72
2013.08.13 15:24:46.616,5.90467,5.90663,1.65,2.72
2013.08.13 15:24:48.591,5.90458,5.90663,1.65,2.72
2013.08.13 15:24:50.078,5.90458,5.90661,1.65,1.35
2013.08.13 15:24:50.198,5.90441,5.90643,1.65,1.35
2013.08.13 15:24:50.258,5.90418,5.90633,2.40,1.50
2013.08.13 15:24:50.379,5.90418,5.90623,2.40,2.72
2013.08.13 15:24:50.438,5.90418,5.9061,1.65,1.35
2013.08.13 15:24:50.796,5.90399,5.90623,1.50,2.72
2013.08.13 15:24:51.906,5.90399,5.90623,1.65,3.47
2013.08.13 15:24:52.146,5.90414,5.90639,1.65,1.35
2013.08.13 15:24:52.976,5.9043,5.90639,1.65,1.35
2013.08.13 15:24:53.928,5.90419,5.90633,1.65,1.50
2013.08.13 15:24:56.458,5.90404,5.90637,1.65,1.65
2013.08.13 15:24:57.217,5.90404,5.90633,1.65,1.50
2013.08.13 15:24:57.667,5.90404,5.90637,1.65,1.65
2013.08.13 15:24:58.657,5.90404,5.90637,1.65,1.65
2013.08.13 15:24:58.877,5.90404,5.90637,1.65,1.65
2013.08.13 15:24:59.935,5.90404,5.90637,1.65,1.65
2013.08.13 15:25:00.192,5.90404,5.90637,1.65,1.65
2013.08.13 15:25:00.413,5.90404,5.90637,1.65,1.65
2013.08.13 15:25:02.827,5.90405,5.90632,1.50,1.50
2013.08.13 15:25:03.008,5.90418,5.90639,1.65,1.35
2013.08.13 15:25:03.334,5.90418,5.90653,1.65,2.72
2013.08.13 15:25:03.638,5.9045,5.90675,1.50,1.65
2013.08.13 15:25:03.697,5.90452,5.9069,1.65,1.65
2013.08.13 15:25:04.167,5.90471,5.90693,1.65,2.72
2013.08.13 15:25:04.527,5.90474,5.90693,1.50,2.72
2013.08.13 15:25:04.587,5.90474,5.90711,1.50,1.65
2013.08.13 15:25:04.826,5.90506,5.90723,1.65,1.50
2013.08.13 15:25:12.556,5.90495,5.90712,1.65,1.50
2013.08.13 15:25:12.857,5.90495,5.90723,1.65,1.50
2013.08.13 15:25:14.936,5.90495,5.90712,1.65,1.50
2013.08.13 15:25:20.947,5.90481,5.90702,1.65,1.50
2013.08.13 15:25:21.168,5.90481,5.90703,1.65,2.72
2013.08.13 15:25:21.526,5.90481,5.90703,1.65,3.47
2013.08.13 15:25:23.580,5.90481,5.90703,1.65,2.72
2013.08.13 15:25:25.617,5.90481,5.90703,1.65,2.72
2013.08.13 15:25:25.896,5.90481,5.90702,1.65,1.50
2013.08.13 15:25:26.516,5.90481,5.90703,1.65,2.72
2013.08.13 15:25:26.576,5.90481,5.90703,1.65,3.47
2013.08.13 15:25:28.646,5.90491,5.90703,1.50,2.72
2013.08.13 15:25:28.706,5.90491,5.90703,1.50,1.97
2013.08.13 15:25:28.766,5.90491,5.90714,1.50,1.65
2013.08.13 15:25:29.849,5.90493,5.9073,3.00,1.65
2013.08.13 15:25:30.506,5.90493,5.90722,3.00,1.50
2013.08.13 15:25:30.840,5.90493,5.9073,3.00,1.65
2013.08.13 15:25:32.607,5.90493,5.90722,3.00,1.50
2013.08.13 15:25:33.784,5.90513,5.9073,1.50,2.40
2013.08.13 15:25:33.846,5.90513,5.9073,1.50,2.40
2013.08.13 15:25:35.461,5.90513,5.9073,1.50,1.50
2013.08.13 15:25:36.236,5.90513,5.9073,1.50,1.50
2013.08.13 15:25:37.116,5.90513,5.9073,1.50,1.50
2013.08.13 15:25:37.477,5.90513,5.90743,1.50,1.50
2013.08.13 15:25:39.649,5.90528,5.90732,1.65,1.50
2013.08.13 15:25:39.956,5.90518,5.90743,1.50,1.50
2013.08.13 15:25:40.850,5.90518,5.90732,1.50,1.50
2013.08.13 15:25:41.906,5.90522,5.90753,1.50,1.65
2013.08.13 15:25:42.147,5.90544,5.90762,1.65,1.50
2013.08.13 15:25:42.947,5.90544,5.90762,1.65,1.50
2013.08.13 15:25:44.496,5.90545,5.90762,1.50,1.50
2013.08.13 15:25:50.386,5.90533,5.90745,1.50,1.50
2013.08.13 15:25:52.116,5.90533,5.90745,1.50,1.50
2013.08.13 15:25:52.176,5.90532,5.90742,1.65,1.50
2013.08.13 15:25:54.117,5.90513,5.90727,1.50,1.50
2013.08.13 15:25:54.366,5.90513,5.90727,1.50,1.50
2013.08.13 15:25:57.466,5.90523,5.90732,1.65,1.50
2013.08.13 15:25:57.586,5.90523,5.90727,1.65,1.50
2013.08.13 15:25:59.947,5.90523,5.90732,1.65,1.50
2013.08.13 15:26:00.109,5.90523,5.90727,1.65,1.50
2013.08.13 15:26:01.657,5.90523,5.90733,1.65,1.50
2013.08.13 15:26:16.836,5.90513,5.90727,1.50,1.50
2013.08.13 15:26:17.076,5.90513,5.90727,1.50,1.50
2013.08.13 15:26:19.929,5.90513,5.90723,1.50,1.65
2013.08.13 15:26:20.292,5.90513,5.90702,1.50,1.22
2013.08.13 15:26:20.596,5.90502,5.90714,1.50,1.65
2013.08.13 15:26:28.387,5.90502,5.90713,1.50,1.65
2013.08.13 15:26:28.507,5.90502,5.90712,1.50,1.65
2013.08.13 15:26:29.239,5.90502,5.90702,1.50,1.65
2013.08.13 15:26:31.322,5.90469,5.90695,1.50,1.65
2013.08.13 15:26:31.390,5.90469,5.90681,1.50,1.50
2013.08.13 15:26:35.419,5.90469,5.90681,1.50,2.40
2013.08.13 15:26:41.045,5.90469,5.90681,1.50,1.65
2013.08.13 15:26:49.619,5.90469,5.90673,1.50,1.65
2013.08.13 15:26:50.926,5.90469,5.90681,1.50,1.65
2013.08.13 15:26:59.466,5.90469,5.90681,1.50,1.65
2013.08.13 15:27:04.283,5.90469,5.90681,1.50,1.65
2013.08.13 15:27:04.916,5.90457,5.90681,1.50,1.65
2013.08.13 15:27:05.096,5.90457,5.90683,1.50,1.50
2013.08.13 15:27:06.119,5.90454,5.90685,1.65,1.35
2013.08.13 15:27:06.179,5.9045,5.90683,1.65,1.50
2013.08.13 15:27:07.358,5.9045,5.90664,1.65,1.50
2013.08.13 15:27:07.596,5.9045,5.90673,1.65,1.50
2013.08.13 15:27:09.716,5.9045,5.90664,1.65,1.50
2013.08.13 15:27:10.109,5.9045,5.90664,1.65,1.50
2013.08.13 15:27:10.168,5.90456,5.90664,2.10,1.50
2013.08.13 15:27:10.346,5.90483,5.90717,1.65,1.50
2013.08.13 15:27:10.466,5.90483,5.90702,1.65,1.50
2013.08.13 15:27:10.716,5.90483,5.90702,1.35,1.50
2013.08.13 15:27:10.896,5.90483,5.90702,1.35,1.50
2013.08.13 15:27:11.318,5.90483,5.90702,1.35,1.50
2013.08.13 15:27:11.376,5.90474,5.90679,1.50,1.50
2013.08.13 15:27:11.496,5.90467,5.90679,1.65,1.50
2013.08.13 15:27:11.924,5.90467,5.90693,1.65,1.50
2013.08.13 15:27:18.196,5.90456,5.90679,1.65,1.50
2013.08.13 15:27:18.676,5.90456,5.90683,1.50,1.50
2013.08.13 15:27:19.198,5.90456,5.90679,1.65,1.50
2013.08.13 15:27:24.287,5.90456,5.90679,1.65,1.50
2013.08.13 15:27:32.367,5.90456,5.90682,1.50,1.50
2013.08.13 15:27:50.741,5.90457,5.90679,1.65,1.50
2013.08.13 15:28:02.678,5.90457,5.90683,1.65,1.50
2013.08.13 15:28:03.045,5.90457,5.90679,1.65,1.50
2013.08.13 15:28:04.611,5.90457,5.90679,1.65,1.50
2013.08.13 15:28:05.587,5.90457,5.90683,1.65,1.50
2013.08.13 15:28:11.575,5.90457,5.90695,1.65,1.65
2013.08.13 15:28:14.987,5.90463,5.90695,1.50,1.65
2013.08.13 15:28:15.226,5.90479,5.90702,1.65,1.50
2013.08.13 15:28:15.358,5.90485,5.90702,1.65,1.50
2013.08.13 15:28:24.406,5.90485,5.90713,1.50,1.50
2013.08.13 15:28:24.466,5.90481,5.90713,1.65,1.50
2013.08.13 15:28:24.526,5.90477,5.90703,1.65,1.50
2013.08.13 15:28:24.706,5.90464,5.90697,1.65,1.65
2013.08.13 15:28:27.839,5.90463,5.90675,1.65,1.50
2013.08.13 15:28:29.008,5.90448,5.90675,2.40,1.50
2013.08.13 15:28:29.237,5.90452,5.90683,1.50,2.40
2013.08.13 15:28:47.276,5.90448,5.90675,1.65,1.50
2013.08.13 15:28:48.696,5.90453,5.90675,1.50,1.65
2013.08.13 15:28:52.736,5.90453,5.90696,1.65,1.65
2013.08.13 15:28:52.916,5.90446,5.90679,1.65,1.65
2013.08.13 15:28:54.421,5.90446,5.90679,1.50,1.65
2013.08.13 15:28:54.548,5.90442,5.90673,1.35,1.65
2013.08.13 15:28:54.609,5.90442,5.90674,1.35,1.65
2013.08.13 15:28:54.957,5.90442,5.90674,1.35,1.65
2013.08.13 15:28:56.577,5.9047,5.90674,1.50,1.65
2013.08.13 15:28:56.778,5.9047,5.90674,1.50,1.65
2013.08.13 15:28:57.136,5.9047,5.90687,1.50,1.35
2013.08.13 15:28:58.607,5.9047,5.90687,1.50,2.10
2013.08.13 15:29:00.337,5.9047,5.90687,1.50,2.10
2013.08.13 15:29:00.402,5.90456,5.90663,1.65,1.50
2013.08.13 15:29:00.590,5.90437,5.90651,2.40,1.50
2013.08.13 15:29:02.468,5.90437,5.90653,1.50,1.50
2013.08.13 15:29:04.736,5.90437,5.90655,1.50,1.65
2013.08.13 15:29:06.637,5.90437,5.90653,1.65,1.50
2013.08.13 15:29:06.876,5.90437,5.90669,1.65,1.35
2013.08.13 15:29:08.621,5.90437,5.90669,1.65,1.35
2013.08.13 15:29:11.958,5.90437,5.90669,1.65,1.35
2013.08.13 15:29:12.018,5.90437,5.90669,1.50,1.35
2013.08.13 15:29:12.438,5.90437,5.90653,1.50,1.50
2013.08.13 15:29:12.557,5.90424,5.90651,1.50,1.65
2013.08.13 15:29:14.787,5.90424,5.90651,1.50,1.65
2013.08.13 15:29:15.107,5.90424,5.90643,1.50,1.50
2013.08.13 15:29:15.878,5.90424,5.90651,1.50,1.65
2013.08.13 15:29:16.437,5.90424,5.90642,1.50,1.50
2013.08.13 15:29:18.247,5.90424,5.90651,1.50,1.65
2013.08.13 15:29:27.438,5.90424,5.90651,1.50,1.65
2013.08.13 15:29:27.696,5.90428,5.90663,1.65,1.50
2013.08.13 15:29:44.767,5.90428,5.90652,1.65,1.50
2013.08.13 15:29:57.436,5.90424,5.90642,1.50,1.50
2013.08.13 15:30:03.567,5.90402,5.90638,1.65,1.65
2013.08.13 15:30:06.917,5.90402,5.90637,1.65,1.65
2013.08.13 15:30:11.827,5.90412,5.90641,1.65,1.35
2013.08.13 15:30:11.946,5.90412,5.90641,2.40,1.35
2013.08.13 15:30:12.147,5.90412,5.90641,2.40,1.35
2013.08.13 15:30:14.881,5.90429,5.90641,1.65,1.35
2013.08.13 15:30:19.138,5.90437,5.90649,1.35,1.65
2013.08.13 15:30:19.747,5.90437,5.90649,1.35,1.65
2013.08.13 15:30:19.927,5.90417,5.90649,2.10,1.65
2013.08.13 15:30:21.237,5.90432,5.90649,1.35,1.65
2013.08.13 15:30:24.157,5.90432,5.90663,1.35,1.50
2013.08.13 15:30:25.456,5.90432,5.90666,1.35,1.65
2013.08.13 15:30:27.448,5.90431,5.90658,1.65,1.35
2013.08.13 15:30:32.897,5.90417,5.90649,1.50,1.65
2013.08.13 15:30:35.657,5.90417,5.90649,1.50,1.65
2013.08.13 15:30:41.149,5.90447,5.90682,1.35,3.47
2013.08.13 15:30:41.472,5.90447,5.90682,1.35,2.72
2013.08.13 15:30:41.736,5.90447,5.90682,1.35,2.72
2013.08.13 15:30:41.929,5.90447,5.90682,1.35,2.72
2013.08.13 15:30:43.359,5.90447,5.90682,1.35,2.72
2013.08.13 15:30:46.197,5.90447,5.90672,1.35,1.50
2013.08.13 15:30:46.832,5.90447,5.90682,1.35,3.47
2013.08.13 15:30:49.447,5.90447,5.90682,1.35,2.72
2013.08.13 15:30:53.197,5.90447,5.90682,1.35,2.72
2013.08.13 15:30:56.557,5.90447,5.90682,1.35,2.72
2013.08.13 15:31:01.618,5.90459,5.90682,1.65,2.72
2013.08.13 15:31:02.447,5.90482,5.90682,1.35,1.97
2013.08.13 15:31:02.566,5.90484,5.90713,3.00,1.50
2013.08.13 15:31:03.466,5.90486,5.90712,1.35,1.50
2013.08.13 15:31:04.140,5.90502,5.90717,1.50,1.65
2013.08.13 15:31:04.447,5.90502,5.90717,1.50,1.65
2013.08.13 15:31:07.055,5.9049,5.90697,1.50,2.10
2013.08.13 15:31:07.176,5.9049,5.90697,1.50,2.10
2013.08.13 15:31:07.236,5.90484,5.9067,1.65,1.35
2013.08.13 15:31:08.636,5.90453,5.9067,1.50,1.35
2013.08.13 15:31:10.219,5.90453,5.90665,1.50,1.50
2013.08.13 15:31:20.657,5.90453,5.9067,1.50,1.35
2013.08.13 15:31:21.889,5.90453,5.90665,1.50,1.50
2013.08.13 15:31:21.949,5.90453,5.90662,1.50,1.35
2013.08.13 15:31:22.696,5.90426,5.90647,1.50,1.65
2013.08.13 15:31:28.377,5.90426,5.90647,1.50,1.65
2013.08.13 15:31:28.697,5.90426,5.90647,1.50,1.65
2013.08.13 15:31:33.108,5.90426,5.90647,1.50,1.65
2013.08.13 15:31:33.290,5.90426,5.90647,1.50,1.65
2013.08.13 15:31:34.088,5.90426,5.90648,1.50,1.65
2013.08.13 15:31:35.361,5.90426,5.90642,1.50,1.50
2013.08.13 15:31:39.266,5.90426,5.90648,1.50,1.65
2013.08.13 15:31:39.968,5.90426,5.90653,1.65,1.35
2013.08.13 15:31:40.028,5.90426,5.90653,1.65,1.35
2013.08.13 15:31:40.149,5.90446,5.90662,1.50,1.97
2013.08.13 15:31:40.220,5.90446,5.90666,1.50,1.65
2013.08.13 15:31:40.468,5.90446,5.90681,1.50,1.65
2013.08.13 15:31:40.529,5.90463,5.90681,1.50,1.65
2013.08.13 15:31:40.710,5.90455,5.90681,1.50,1.65
2013.08.13 15:31:41.267,5.90455,5.90681,1.50,1.65
2013.08.13 15:31:52.167,5.90476,5.90693,1.50,1.50
2013.08.13 15:31:52.347,5.90476,5.90698,1.50,1.65
2013.08.13 15:31:54.809,5.90476,5.90698,1.50,1.65
2013.08.13 15:31:54.869,5.90476,5.90698,1.50,1.65
2013.08.13 15:31:55.929,5.90476,5.90695,1.50,1.50
2013.08.13 15:31:56.149,5.90476,5.90703,1.50,1.50
2013.08.13 15:31:56.920,5.90476,5.90695,1.50,1.50
2013.08.13 15:31:59.894,5.90476,5.90703,1.50,1.50
2013.08.13 15:32:00.237,5.90476,5.90714,1.50,1.65
2013.08.13 15:32:00.298,5.90509,5.90722,1.50,1.65
2013.08.13 15:32:00.417,5.90509,5.90724,1.50,1.35
2013.08.13 15:32:08.196,5.90509,5.90728,1.50,1.35
2013.08.13 15:32:08.377,5.90509,5.90741,1.50,1.65
2013.08.13 15:32:08.886,5.90509,5.90732,1.50,1.50
2013.08.13 15:32:09.460,5.90509,5.90732,1.50,1.50
2013.08.13 15:32:10.444,5.90509,5.90733,1.50,1.50
2013.08.13 15:32:12.746,5.90531,5.90741,1.50,1.65
2013.08.13 15:32:13.777,5.90531,5.9075,1.50,1.50
2013.08.13 15:32:14.079,5.90509,5.90733,1.35,1.50
2013.08.13 15:32:16.118,5.90509,5.90723,1.35,1.50
2013.08.13 15:32:20.127,5.90506,5.9072,1.50,1.50
2013.08.13 15:32:24.147,5.90485,5.90712,1.65,1.50
2013.08.13 15:32:24.328,5.90485,5.90703,1.65,1.50
2013.08.13 15:32:25.303,5.90478,5.90703,1.35,1.65
2013.08.13 15:32:25.487,5.90482,5.90713,1.50,1.65
2013.08.13 15:32:25.607,5.90482,5.9072,1.50,1.50
2013.08.13 15:32:25.728,5.90482,5.90721,1.65,1.65
2013.08.13 15:32:25.906,5.90478,5.90702,1.35,1.50
2013.08.13 15:32:26.979,5.90485,5.90704,1.50,1.50
2013.08.13 15:32:27.037,5.90485,5.90704,1.50,1.50
2013.08.13 15:32:27.339,5.90501,5.90721,1.50,1.65
2013.08.13 15:32:28.157,5.90501,5.90718,1.50,1.50
2013.08.13 15:32:41.778,5.90501,5.90718,1.50,1.50
2013.08.13 15:32:44.267,5.90513,5.90718,1.35,1.50
2013.08.13 15:32:44.328,5.9053,5.90723,1.50,2.72
2013.08.13 15:32:44.447,5.90528,5.90749,1.50,1.50
2013.08.13 15:32:44.567,5.9053,5.90749,1.50,1.50
2013.08.13 15:32:44.867,5.9053,5.90749,1.50,1.50
2013.08.13 15:32:45.248,5.9053,5.90749,1.50,1.50
2013.08.13 15:32:48.047,5.9053,5.90749,1.50,1.50
2013.08.13 15:32:48.407,5.90536,5.90752,1.65,1.50
2013.08.13 15:32:50.340,5.90536,5.90749,1.65,1.50
2013.08.13 15:32:53.439,5.90535,5.90749,1.50,1.50
2013.08.13 15:32:54.318,5.90535,5.90749,1.50,1.50
2013.08.13 15:32:54.437,5.90528,5.90749,1.50,1.50
2013.08.13 15:33:01.340,5.90523,5.90726,1.35,1.50
2013.08.13 15:33:06.727,5.90518,5.90726,1.35,1.50
2013.08.13 15:33:08.180,5.90518,5.90726,1.35,1.50
2013.08.13 15:33:08.657,5.90518,5.90726,1.35,1.50
2013.08.13 15:33:08.948,5.90518,5.90726,1.35,1.50
2013.08.13 15:33:09.069,5.90512,5.90726,1.35,1.50
2013.08.13 15:33:10.887,5.90518,5.90726,1.50,1.50
2013.08.13 15:33:14.943,5.90518,5.90726,1.50,1.50
2013.08.13 15:33:15.187,5.90512,5.90726,1.50,1.50
2013.08.13 15:33:15.713,5.90508,5.90726,3.62,1.50
2013.08.13 15:33:16.269,5.90508,5.90726,4.37,1.50
2013.08.13 15:33:16.358,5.90508,5.90741,4.37,1.65
2013.08.13 15:33:16.547,5.90513,5.90741,1.50,1.65
2013.08.13 15:33:19.747,5.90525,5.90744,1.50,1.50
2013.08.13 15:33:21.378,5.90525,5.90744,1.65,1.50
2013.08.13 15:33:23.048,5.90525,5.90744,1.50,1.50
2013.08.13 15:33:24.027,5.90525,5.90744,1.65,1.50
2013.08.13 15:33:28.127,5.90525,5.90744,1.65,1.50
2013.08.13 15:33:33.887,5.90512,5.90744,1.65,1.50
2013.08.13 15:33:36.406,5.90512,5.90744,1.65,1.50
2013.08.13 15:33:36.527,5.90511,5.90725,1.65,1.50
2013.08.13 15:33:36.647,5.90511,5.90725,1.65,1.50
2013.08.13 15:33:39.357,5.90507,5.90725,1.50,1.50
2013.08.13 15:33:40.378,5.90499,5.90725,1.35,1.50
2013.08.13 15:33:40.818,5.90499,5.90725,1.35,1.50
2013.08.13 15:33:40.878,5.90496,5.90697,1.50,1.50
2013.08.13 15:33:40.997,5.90487,5.90697,2.57,1.50
2013.08.13 15:33:41.370,5.90485,5.90697,1.35,1.50
2013.08.13 15:33:41.918,5.90485,5.90697,1.35,1.50
2013.08.13 15:33:43.958,5.90485,5.90697,1.35,1.50
2013.08.13 15:33:44.259,5.90485,5.90697,1.35,1.50
2013.08.13 15:33:44.767,5.9049,5.90697,1.50,1.50
2013.08.13 15:33:51.398,5.90485,5.90697,1.35,1.50
2013.08.13 15:33:51.590,5.90485,5.90697,1.35,1.50
2013.08.13 15:34:11.648,5.90503,5.90709,1.35,1.65
2013.08.13 15:34:12.358,5.90508,5.90722,1.50,1.50
2013.08.13 15:34:14.344,5.90508,5.90722,1.35,1.50
2013.08.13 15:34:14.647,5.90508,5.90722,1.35,1.50
2013.08.13 15:34:28.328,5.90508,5.90722,1.35,1.50
2013.08.13 15:34:28.817,5.90489,5.90702,1.65,1.50
2013.08.13 15:34:32.817,5.90489,5.90702,1.65,1.50
2013.08.13 15:34:33.138,5.90495,5.90724,1.65,1.50
2013.08.13 15:34:34.771,5.90499,5.90724,2.25,1.50
2013.08.13 15:34:36.289,5.90485,5.90694,1.50,1.50
2013.08.13 15:34:36.708,5.90485,5.90694,1.50,1.50
2013.08.13 15:34:37.305,5.90485,5.90714,1.65,1.50
2013.08.13 15:34:37.368,5.90497,5.90714,1.65,1.50
2013.08.13 15:34:37.749,5.90497,5.90714,1.65,1.50
2013.08.13 15:34:39.898,5.90499,5.90714,1.50,1.50
2013.08.13 15:34:39.958,5.90499,5.90714,1.50,1.50
2013.08.13 15:34:40.326,5.90503,5.90714,1.50,1.50
2013.08.13 15:34:46.107,5.90503,5.90714,1.50,1.50
2013.08.13 15:34:53.329,5.90503,5.90714,1.50,1.50
2013.08.13 15:34:53.518,5.90512,5.90745,1.65,1.50
2013.08.13 15:34:53.854,5.90526,5.90745,1.65,1.50
2013.08.13 15:34:54.359,5.90522,5.90745,1.65,1.50
2013.08.13 15:34:55.697,5.90522,5.90745,1.65,1.50
2013.08.13 15:34:57.378,5.90522,5.90745,1.65,1.50
2013.08.13 15:34:58.247,5.90526,5.90745,1.35,1.50
2013.08.13 15:34:58.308,5.90544,5.90758,1.35,1.65
2013.08.13 15:34:59.147,5.9055,5.90771,1.65,1.50
2013.08.13 15:34:59.208,5.9055,5.90784,1.65,1.50
2013.08.13 15:35:01.038,5.90564,5.90784,1.65,1.50
2013.08.13 15:35:01.777,5.90552,5.90784,1.65,1.50
2013.08.13 15:35:05.697,5.90549,5.90754,1.35,1.65
2013.08.13 15:35:05.937,5.90549,5.90754,1.35,1.65
2013.08.13 15:35:13.310,5.90533,5.90754,1.35,1.65
2013.08.13 15:35:13.607,5.90533,5.90754,1.50,1.65
2013.08.13 15:35:14.741,5.90533,5.90754,1.35,1.65
2013.08.13 15:35:19.007,5.90533,5.90754,1.35,1.65
2013.08.13 15:35:19.067,5.90533,5.90754,1.35,1.65
2013.08.13 15:35:19.247,5.90531,5.90739,1.35,1.65
2013.08.13 15:35:19.367,5.90531,5.90739,1.35,1.65
2013.08.13 15:35:20.337,5.90531,5.90739,1.35,1.65
2013.08.13 15:35:20.787,5.90531,5.90745,1.35,1.50
2013.08.13 15:35:21.088,5.90531,5.90734,1.35,1.65
2013.08.13 15:35:21.149,5.9053,5.90734,1.35,1.65
2013.08.13 15:35:21.448,5.90527,5.90718,2.57,1.65
2013.08.13 15:35:21.572,5.90527,5.90718,1.97,1.65
2013.08.13 15:35:21.719,5.90527,5.90718,1.97,1.65
2013.08.13 15:35:21.838,5.90495,5.90703,1.35,1.65
2013.08.13 15:35:21.959,5.90495,5.90714,1.65,1.50
2013.08.13 15:35:22.017,5.90517,5.90742,4.82,3.15
2013.08.13 15:35:22.077,5.90532,5.90742,1.35,1.50
2013.08.13 15:35:22.198,5.90553,5.90751,1.97,1.50
2013.08.13 15:35:22.437,5.90561,5.90791,1.35,1.50
2013.08.13 15:35:22.815,5.90582,5.90801,2.72,2.40
2013.08.13 15:35:23.128,5.90582,5.90801,2.72,2.40
2013.08.13 15:35:24.249,5.90582,5.90782,1.97,1.50
2013.08.13 15:35:24.309,5.90566,5.90782,1.35,1.50
2013.08.13 15:35:24.547,5.90557,5.90758,1.97,1.65
2013.08.13 15:35:25.521,5.90557,5.90758,1.97,1.65
2013.08.13 15:35:25.740,5.90557,5.90758,1.97,1.65
2013.08.13 15:35:32.340,5.90557,5.90758,1.97,1.65
2013.08.13 15:35:32.577,5.90557,5.90758,2.72,1.65
2013.08.13 15:35:32.697,5.90557,5.90758,1.97,1.65
2013.08.13 15:35:33.158,5.90557,5.90758,1.97,1.65
2013.08.13 15:35:33.881,5.90557,5.90758,1.97,1.65
2013.08.13 15:35:34.548,5.90557,5.90758,1.97,1.65
